%YAML 1.1
%TAG !u! tag:unity3d.com,2011:
--- !u!54 &3987340362276830885
Rigidbody:
  m_ObjectHideFlags: 0
  m_CorrespondingSourceObject: {fileID: 0}
  m_PrefabInstance: {fileID: 0}
  m_PrefabAsset: {fileID: 0}
  m_GameObject: {fileID: 3832268139921333612}
  serializedVersion: 2
  m_Mass: 1
  m_Drag: 0
  m_AngularDrag: 0.05
  m_UseGravity: 1
  m_IsKinematic: 1
  m_Interpolate: 0
  m_Constraints: 0
  m_CollisionDetection: 0
--- !u!64 &3987340362276830938
MeshCollider:
  m_ObjectHideFlags: 0
  m_CorrespondingSourceObject: {fileID: 0}
  m_PrefabInstance: {fileID: 0}
  m_PrefabAsset: {fileID: 0}
  m_GameObject: {fileID: 3832268139921333612}
  m_Material: {fileID: 0}
  m_IsTrigger: 0
  m_Enabled: 1
  serializedVersion: 4
  m_Convex: 1
  m_CookingOptions: 30
  m_Mesh: {fileID: 9116549558693182315, guid: 652849e6e1680d444a6c7186f4402f86, type: 3}
--- !u!54 &3987340362315956328
Rigidbody:
  m_ObjectHideFlags: 0
  m_CorrespondingSourceObject: {fileID: 0}
  m_PrefabInstance: {fileID: 0}
  m_PrefabAsset: {fileID: 0}
  m_GameObject: {fileID: 7354522841538706689}
  serializedVersion: 2
  m_Mass: 1
  m_Drag: 0
  m_AngularDrag: 0.05
  m_UseGravity: 1
  m_IsKinematic: 1
  m_Interpolate: 0
  m_Constraints: 0
  m_CollisionDetection: 0
--- !u!64 &3987340362315956329
MeshCollider:
  m_ObjectHideFlags: 0
  m_CorrespondingSourceObject: {fileID: 0}
  m_PrefabInstance: {fileID: 0}
  m_PrefabAsset: {fileID: 0}
  m_GameObject: {fileID: 7354522841538706689}
  m_Material: {fileID: 0}
  m_IsTrigger: 0
  m_Enabled: 1
  serializedVersion: 4
  m_Convex: 1
  m_CookingOptions: 30
  m_Mesh: {fileID: 2449498239670780693, guid: 652849e6e1680d444a6c7186f4402f86, type: 3}
--- !u!54 &3987340362344933003
Rigidbody:
  m_ObjectHideFlags: 0
  m_CorrespondingSourceObject: {fileID: 0}
  m_PrefabInstance: {fileID: 0}
  m_PrefabAsset: {fileID: 0}
  m_GameObject: {fileID: 2039088420752459925}
  serializedVersion: 2
  m_Mass: 1
  m_Drag: 0
  m_AngularDrag: 0.05
  m_UseGravity: 1
  m_IsKinematic: 1
  m_Interpolate: 0
  m_Constraints: 0
  m_CollisionDetection: 0
--- !u!64 &3987340362344933000
MeshCollider:
  m_ObjectHideFlags: 0
  m_CorrespondingSourceObject: {fileID: 0}
  m_PrefabInstance: {fileID: 0}
  m_PrefabAsset: {fileID: 0}
  m_GameObject: {fileID: 2039088420752459925}
  m_Material: {fileID: 0}
  m_IsTrigger: 0
  m_Enabled: 1
  serializedVersion: 4
  m_Convex: 1
  m_CookingOptions: 30
  m_Mesh: {fileID: 4251370568571864, guid: 652849e6e1680d444a6c7186f4402f86, type: 3}
--- !u!1 &3987340362394923154
GameObject:
  m_ObjectHideFlags: 0
  m_CorrespondingSourceObject: {fileID: 0}
  m_PrefabInstance: {fileID: 0}
  m_PrefabAsset: {fileID: 0}
  serializedVersion: 6
  m_Component:
  - component: {fileID: 3987340362394923155}
  - component: {fileID: 3987340362394923153}
  - component: {fileID: 3987340362394923152}
  - component: {fileID: 3987340362394923159}
  - component: {fileID: 3987340362394923158}
  m_Layer: 0
  m_Name: window_glass 1stFloor (8)
  m_TagString: Untagged
  m_Icon: {fileID: 0}
  m_NavMeshLayer: 0
  m_StaticEditorFlags: 0
  m_IsActive: 1
--- !u!4 &3987340362394923155
Transform:
  m_ObjectHideFlags: 0
  m_CorrespondingSourceObject: {fileID: 0}
  m_PrefabInstance: {fileID: 0}
  m_PrefabAsset: {fileID: 0}
  m_GameObject: {fileID: 3987340362394923154}
  m_LocalRotation: {x: 0, y: -0.7071068, z: 0, w: 0.7071068}
  m_LocalPosition: {x: 0.388, y: 1.709, z: 3.544}
  m_LocalScale: {x: 0.011, y: 0.011, z: 0.011}
  m_Children: []
  m_Father: {fileID: 3521631918944567004}
  m_RootOrder: 69
  m_LocalEulerAnglesHint: {x: 0, y: -90, z: 0}
--- !u!33 &3987340362394923153
MeshFilter:
  m_ObjectHideFlags: 0
  m_CorrespondingSourceObject: {fileID: 0}
  m_PrefabInstance: {fileID: 0}
  m_PrefabAsset: {fileID: 0}
  m_GameObject: {fileID: 3987340362394923154}
  m_Mesh: {fileID: -7935197401348623501, guid: 652849e6e1680d444a6c7186f4402f86, type: 3}
--- !u!23 &3987340362394923152
MeshRenderer:
  m_ObjectHideFlags: 0
  m_CorrespondingSourceObject: {fileID: 0}
  m_PrefabInstance: {fileID: 0}
  m_PrefabAsset: {fileID: 0}
  m_GameObject: {fileID: 3987340362394923154}
  m_Enabled: 1
  m_CastShadows: 1
  m_ReceiveShadows: 1
  m_DynamicOccludee: 1
  m_StaticShadowCaster: 0
  m_MotionVectors: 1
  m_LightProbeUsage: 1
  m_ReflectionProbeUsage: 1
  m_RayTracingMode: 2
  m_RayTraceProcedural: 0
  m_RenderingLayerMask: 1
  m_RendererPriority: 0
  m_Materials:
  - {fileID: 2100000, guid: d13c4324dcac6c149adb13017454aaa0, type: 2}
  - {fileID: 2100000, guid: bf43720560fbe95459386f242d4ed8b4, type: 2}
  m_StaticBatchInfo:
    firstSubMesh: 0
    subMeshCount: 0
  m_StaticBatchRoot: {fileID: 0}
  m_ProbeAnchor: {fileID: 0}
  m_LightProbeVolumeOverride: {fileID: 0}
  m_ScaleInLightmap: 1
  m_ReceiveGI: 1
  m_PreserveUVs: 0
  m_IgnoreNormalsForChartDetection: 0
  m_ImportantGI: 0
  m_StitchLightmapSeams: 1
  m_SelectedEditorRenderState: 3
  m_MinimumChartSize: 4
  m_AutoUVMaxDistance: 0.5
  m_AutoUVMaxAngle: 89
  m_LightmapParameters: {fileID: 0}
  m_SortingLayerID: 0
  m_SortingLayer: 0
  m_SortingOrder: 0
  m_AdditionalVertexStreams: {fileID: 0}
--- !u!65 &3987340362394923159
BoxCollider:
  m_ObjectHideFlags: 0
  m_CorrespondingSourceObject: {fileID: 0}
  m_PrefabInstance: {fileID: 0}
  m_PrefabAsset: {fileID: 0}
  m_GameObject: {fileID: 3987340362394923154}
  m_Material: {fileID: 0}
  m_IsTrigger: 0
  m_Enabled: 1
  serializedVersion: 2
  m_Size: {x: 8.656504, y: 114.21784, z: 82.2037}
  m_Center: {x: -1.2238147, y: -0.000017166136, z: -0.00029373175}
--- !u!54 &3987340362394923158
Rigidbody:
  m_ObjectHideFlags: 0
  m_CorrespondingSourceObject: {fileID: 0}
  m_PrefabInstance: {fileID: 0}
  m_PrefabAsset: {fileID: 0}
  m_GameObject: {fileID: 3987340362394923154}
  serializedVersion: 2
  m_Mass: 1
  m_Drag: 0
  m_AngularDrag: 0.05
  m_UseGravity: 1
  m_IsKinematic: 1
  m_Interpolate: 0
  m_Constraints: 0
  m_CollisionDetection: 0
--- !u!54 &3987340362463978932
Rigidbody:
  m_ObjectHideFlags: 0
  m_CorrespondingSourceObject: {fileID: 0}
  m_PrefabInstance: {fileID: 0}
  m_PrefabAsset: {fileID: 0}
  m_GameObject: {fileID: 4308502798461260725}
  serializedVersion: 2
  m_Mass: 1
  m_Drag: 0
  m_AngularDrag: 0.05
  m_UseGravity: 1
  m_IsKinematic: 1
  m_Interpolate: 0
  m_Constraints: 0
  m_CollisionDetection: 0
--- !u!64 &3987340362463978935
MeshCollider:
  m_ObjectHideFlags: 0
  m_CorrespondingSourceObject: {fileID: 0}
  m_PrefabInstance: {fileID: 0}
  m_PrefabAsset: {fileID: 0}
  m_GameObject: {fileID: 4308502798461260725}
  m_Material: {fileID: 0}
  m_IsTrigger: 0
  m_Enabled: 1
  serializedVersion: 4
  m_Convex: 1
  m_CookingOptions: 30
  m_Mesh: {fileID: 8164011607936151127, guid: 652849e6e1680d444a6c7186f4402f86, type: 3}
--- !u!54 &3987340362475899475
Rigidbody:
  m_ObjectHideFlags: 0
  m_CorrespondingSourceObject: {fileID: 0}
  m_PrefabInstance: {fileID: 0}
  m_PrefabAsset: {fileID: 0}
  m_GameObject: {fileID: 2220062271073004024}
  serializedVersion: 2
  m_Mass: 1
  m_Drag: 0
  m_AngularDrag: 0.05
  m_UseGravity: 1
  m_IsKinematic: 1
  m_Interpolate: 0
  m_Constraints: 0
  m_CollisionDetection: 0
--- !u!64 &3987340362475899472
MeshCollider:
  m_ObjectHideFlags: 0
  m_CorrespondingSourceObject: {fileID: 0}
  m_PrefabInstance: {fileID: 0}
  m_PrefabAsset: {fileID: 0}
  m_GameObject: {fileID: 2220062271073004024}
  m_Material: {fileID: 0}
  m_IsTrigger: 0
  m_Enabled: 1
  serializedVersion: 4
  m_Convex: 1
  m_CookingOptions: 30
  m_Mesh: {fileID: -4392802644267693495, guid: 652849e6e1680d444a6c7186f4402f86, type: 3}
--- !u!54 &3987340362492018873
Rigidbody:
  m_ObjectHideFlags: 0
  m_CorrespondingSourceObject: {fileID: 0}
  m_PrefabInstance: {fileID: 0}
  m_PrefabAsset: {fileID: 0}
  m_GameObject: {fileID: 9088367971746672230}
  serializedVersion: 2
  m_Mass: 1
  m_Drag: 0
  m_AngularDrag: 0.05
  m_UseGravity: 1
  m_IsKinematic: 1
  m_Interpolate: 0
  m_Constraints: 0
  m_CollisionDetection: 0
--- !u!65 &3987340362492018872
BoxCollider:
  m_ObjectHideFlags: 0
  m_CorrespondingSourceObject: {fileID: 0}
  m_PrefabInstance: {fileID: 0}
  m_PrefabAsset: {fileID: 0}
  m_GameObject: {fileID: 9088367971746672230}
  m_Material: {fileID: 0}
  m_IsTrigger: 0
  m_Enabled: 1
  serializedVersion: 2
  m_Size: {x: 14.419116, y: 258.4522, z: 124.942314}
  m_Center: {x: 0.03229754, y: 33.43433, z: 18.326677}
--- !u!1 &3987340362517019677
GameObject:
  m_ObjectHideFlags: 0
  m_CorrespondingSourceObject: {fileID: 0}
  m_PrefabInstance: {fileID: 0}
  m_PrefabAsset: {fileID: 0}
  serializedVersion: 6
  m_Component:
  - component: {fileID: 3987340362517019666}
  m_Layer: 0
  m_Name: house
  m_TagString: Untagged
  m_Icon: {fileID: 0}
  m_NavMeshLayer: 0
  m_StaticEditorFlags: 0
  m_IsActive: 1
--- !u!4 &3987340362517019666
Transform:
  m_ObjectHideFlags: 0
  m_CorrespondingSourceObject: {fileID: 0}
  m_PrefabInstance: {fileID: 0}
  m_PrefabAsset: {fileID: 0}
  m_GameObject: {fileID: 3987340362517019677}
  m_LocalRotation: {x: 0, y: 0.6447909, z: 0, w: 0.76435906}
  m_LocalPosition: {x: -0.76, y: -1.18, z: 8.61}
  m_LocalScale: {x: 1, y: 1, z: 1}
  m_Children:
  - {fileID: 3521631918944567004}
  m_Father: {fileID: 0}
  m_RootOrder: 0
  m_LocalEulerAnglesHint: {x: 0, y: 80.3, z: 0}
--- !u!1 &3987340362695098272
GameObject:
  m_ObjectHideFlags: 0
  m_CorrespondingSourceObject: {fileID: 0}
  m_PrefabInstance: {fileID: 0}
  m_PrefabAsset: {fileID: 0}
  serializedVersion: 6
  m_Component:
  - component: {fileID: 3987340362695098273}
  - component: {fileID: 3987340362695098279}
  - component: {fileID: 3987340362695098278}
  - component: {fileID: 3987340362695098277}
  - component: {fileID: 3987340362695098276}
  m_Layer: 0
  m_Name: window_glass 1stFloor (5)
  m_TagString: Untagged
  m_Icon: {fileID: 0}
  m_NavMeshLayer: 0
  m_StaticEditorFlags: 0
  m_IsActive: 1
--- !u!4 &3987340362695098273
Transform:
  m_ObjectHideFlags: 0
  m_CorrespondingSourceObject: {fileID: 0}
  m_PrefabInstance: {fileID: 0}
  m_PrefabAsset: {fileID: 0}
  m_GameObject: {fileID: 3987340362695098272}
  m_LocalRotation: {x: 0, y: 1, z: 0, w: 0}
  m_LocalPosition: {x: -3.444, y: 1.709, z: 0.127}
  m_LocalScale: {x: 0.011, y: 0.011, z: 0.011}
  m_Children: []
  m_Father: {fileID: 3521631918944567004}
  m_RootOrder: 66
  m_LocalEulerAnglesHint: {x: 0, y: 180, z: 0}
--- !u!33 &3987340362695098279
MeshFilter:
  m_ObjectHideFlags: 0
  m_CorrespondingSourceObject: {fileID: 0}
  m_PrefabInstance: {fileID: 0}
  m_PrefabAsset: {fileID: 0}
  m_GameObject: {fileID: 3987340362695098272}
  m_Mesh: {fileID: -7935197401348623501, guid: 652849e6e1680d444a6c7186f4402f86, type: 3}
--- !u!23 &3987340362695098278
MeshRenderer:
  m_ObjectHideFlags: 0
  m_CorrespondingSourceObject: {fileID: 0}
  m_PrefabInstance: {fileID: 0}
  m_PrefabAsset: {fileID: 0}
  m_GameObject: {fileID: 3987340362695098272}
  m_Enabled: 1
  m_CastShadows: 1
  m_ReceiveShadows: 1
  m_DynamicOccludee: 1
  m_StaticShadowCaster: 0
  m_MotionVectors: 1
  m_LightProbeUsage: 1
  m_ReflectionProbeUsage: 1
  m_RayTracingMode: 2
  m_RayTraceProcedural: 0
  m_RenderingLayerMask: 1
  m_RendererPriority: 0
  m_Materials:
  - {fileID: 2100000, guid: d13c4324dcac6c149adb13017454aaa0, type: 2}
  - {fileID: 2100000, guid: bf43720560fbe95459386f242d4ed8b4, type: 2}
  m_StaticBatchInfo:
    firstSubMesh: 0
    subMeshCount: 0
  m_StaticBatchRoot: {fileID: 0}
  m_ProbeAnchor: {fileID: 0}
  m_LightProbeVolumeOverride: {fileID: 0}
  m_ScaleInLightmap: 1
  m_ReceiveGI: 1
  m_PreserveUVs: 0
  m_IgnoreNormalsForChartDetection: 0
  m_ImportantGI: 0
  m_StitchLightmapSeams: 1
  m_SelectedEditorRenderState: 3
  m_MinimumChartSize: 4
  m_AutoUVMaxDistance: 0.5
  m_AutoUVMaxAngle: 89
  m_LightmapParameters: {fileID: 0}
  m_SortingLayerID: 0
  m_SortingLayer: 0
  m_SortingOrder: 0
  m_AdditionalVertexStreams: {fileID: 0}
--- !u!65 &3987340362695098277
BoxCollider:
  m_ObjectHideFlags: 0
  m_CorrespondingSourceObject: {fileID: 0}
  m_PrefabInstance: {fileID: 0}
  m_PrefabAsset: {fileID: 0}
  m_GameObject: {fileID: 3987340362695098272}
  m_Material: {fileID: 0}
  m_IsTrigger: 0
  m_Enabled: 1
  serializedVersion: 2
  m_Size: {x: 8.656503, y: 114.21784, z: 82.203674}
  m_Center: {x: -1.2238145, y: -0.000017166136, z: -0.0002555665}
--- !u!54 &3987340362695098276
Rigidbody:
  m_ObjectHideFlags: 0
  m_CorrespondingSourceObject: {fileID: 0}
  m_PrefabInstance: {fileID: 0}
  m_PrefabAsset: {fileID: 0}
  m_GameObject: {fileID: 3987340362695098272}
  serializedVersion: 2
  m_Mass: 1
  m_Drag: 0
  m_AngularDrag: 0.05
  m_UseGravity: 1
  m_IsKinematic: 1
  m_Interpolate: 0
  m_Constraints: 0
  m_CollisionDetection: 0
--- !u!54 &3987340362742167044
Rigidbody:
  m_ObjectHideFlags: 0
  m_CorrespondingSourceObject: {fileID: 0}
  m_PrefabInstance: {fileID: 0}
  m_PrefabAsset: {fileID: 0}
  m_GameObject: {fileID: 2493823385014412181}
  serializedVersion: 2
  m_Mass: 1
  m_Drag: 0
  m_AngularDrag: 0.05
  m_UseGravity: 1
  m_IsKinematic: 1
  m_Interpolate: 0
  m_Constraints: 0
  m_CollisionDetection: 0
--- !u!64 &3987340362742167045
MeshCollider:
  m_ObjectHideFlags: 0
  m_CorrespondingSourceObject: {fileID: 0}
  m_PrefabInstance: {fileID: 0}
  m_PrefabAsset: {fileID: 0}
  m_GameObject: {fileID: 2493823385014412181}
  m_Material: {fileID: 0}
  m_IsTrigger: 0
  m_Enabled: 1
  serializedVersion: 4
  m_Convex: 1
  m_CookingOptions: 30
  m_Mesh: {fileID: -4417378106970221877, guid: 652849e6e1680d444a6c7186f4402f86, type: 3}
--- !u!1 &3987340362814563657
GameObject:
  m_ObjectHideFlags: 0
  m_CorrespondingSourceObject: {fileID: 0}
  m_PrefabInstance: {fileID: 0}
  m_PrefabAsset: {fileID: 0}
  serializedVersion: 6
  m_Component:
  - component: {fileID: 3987340362814563662}
  - component: {fileID: 3987340362814563660}
  - component: {fileID: 3987340362814563663}
  - component: {fileID: 3987340362814563650}
  - component: {fileID: 3987340362814563661}
  m_Layer: 0
  m_Name: window_glass 1stFloor (1)
  m_TagString: Untagged
  m_Icon: {fileID: 0}
  m_NavMeshLayer: 0
  m_StaticEditorFlags: 0
  m_IsActive: 1
--- !u!4 &3987340362814563662
Transform:
  m_ObjectHideFlags: 0
  m_CorrespondingSourceObject: {fileID: 0}
  m_PrefabInstance: {fileID: 0}
  m_PrefabAsset: {fileID: 0}
  m_GameObject: {fileID: 3987340362814563657}
  m_LocalRotation: {x: 0.00000008146034, y: 0, z: -0, w: 1}
  m_LocalPosition: {x: 1.822, y: 1.7079589, z: -2.122}
  m_LocalScale: {x: 0.011, y: 0.011, z: 0.011}
  m_Children: []
  m_Father: {fileID: 3521631918944567004}
  m_RootOrder: 62
  m_LocalEulerAnglesHint: {x: 0, y: 0, z: 0}
--- !u!33 &3987340362814563660
MeshFilter:
  m_ObjectHideFlags: 0
  m_CorrespondingSourceObject: {fileID: 0}
  m_PrefabInstance: {fileID: 0}
  m_PrefabAsset: {fileID: 0}
  m_GameObject: {fileID: 3987340362814563657}
  m_Mesh: {fileID: -7935197401348623501, guid: 652849e6e1680d444a6c7186f4402f86, type: 3}
--- !u!23 &3987340362814563663
MeshRenderer:
  m_ObjectHideFlags: 0
  m_CorrespondingSourceObject: {fileID: 0}
  m_PrefabInstance: {fileID: 0}
  m_PrefabAsset: {fileID: 0}
  m_GameObject: {fileID: 3987340362814563657}
  m_Enabled: 1
  m_CastShadows: 1
  m_ReceiveShadows: 1
  m_DynamicOccludee: 1
  m_StaticShadowCaster: 0
  m_MotionVectors: 1
  m_LightProbeUsage: 1
  m_ReflectionProbeUsage: 1
  m_RayTracingMode: 2
  m_RayTraceProcedural: 0
  m_RenderingLayerMask: 1
  m_RendererPriority: 0
  m_Materials:
  - {fileID: 2100000, guid: d13c4324dcac6c149adb13017454aaa0, type: 2}
  - {fileID: 2100000, guid: bf43720560fbe95459386f242d4ed8b4, type: 2}
  m_StaticBatchInfo:
    firstSubMesh: 0
    subMeshCount: 0
  m_StaticBatchRoot: {fileID: 0}
  m_ProbeAnchor: {fileID: 0}
  m_LightProbeVolumeOverride: {fileID: 0}
  m_ScaleInLightmap: 1
  m_ReceiveGI: 1
  m_PreserveUVs: 0
  m_IgnoreNormalsForChartDetection: 0
  m_ImportantGI: 0
  m_StitchLightmapSeams: 1
  m_SelectedEditorRenderState: 3
  m_MinimumChartSize: 4
  m_AutoUVMaxDistance: 0.5
  m_AutoUVMaxAngle: 89
  m_LightmapParameters: {fileID: 0}
  m_SortingLayerID: 0
  m_SortingLayer: 0
  m_SortingOrder: 0
  m_AdditionalVertexStreams: {fileID: 0}
--- !u!65 &3987340362814563650
BoxCollider:
  m_ObjectHideFlags: 0
  m_CorrespondingSourceObject: {fileID: 0}
  m_PrefabInstance: {fileID: 0}
  m_PrefabAsset: {fileID: 0}
  m_GameObject: {fileID: 3987340362814563657}
  m_Material: {fileID: 0}
  m_IsTrigger: 0
  m_Enabled: 1
  serializedVersion: 2
  m_Size: {x: 8.656503, y: 114.21784, z: 82.203674}
  m_Center: {x: -1.2238145, y: -0.000009536741, z: -0.0002631959}
--- !u!54 &3987340362814563661
Rigidbody:
  m_ObjectHideFlags: 0
  m_CorrespondingSourceObject: {fileID: 0}
  m_PrefabInstance: {fileID: 0}
  m_PrefabAsset: {fileID: 0}
  m_GameObject: {fileID: 3987340362814563657}
  serializedVersion: 2
  m_Mass: 1
  m_Drag: 0
  m_AngularDrag: 0.05
  m_UseGravity: 1
  m_IsKinematic: 1
  m_Interpolate: 0
  m_Constraints: 0
  m_CollisionDetection: 0
--- !u!54 &3987340362858625384
Rigidbody:
  m_ObjectHideFlags: 0
  m_CorrespondingSourceObject: {fileID: 0}
  m_PrefabInstance: {fileID: 0}
  m_PrefabAsset: {fileID: 0}
  m_GameObject: {fileID: 8157998856576521587}
  serializedVersion: 2
  m_Mass: 1
  m_Drag: 0
  m_AngularDrag: 0.05
  m_UseGravity: 1
  m_IsKinematic: 1
  m_Interpolate: 0
  m_Constraints: 0
  m_CollisionDetection: 0
--- !u!64 &3987340362858625385
MeshCollider:
  m_ObjectHideFlags: 0
  m_CorrespondingSourceObject: {fileID: 0}
  m_PrefabInstance: {fileID: 0}
  m_PrefabAsset: {fileID: 0}
  m_GameObject: {fileID: 8157998856576521587}
  m_Material: {fileID: 0}
  m_IsTrigger: 0
  m_Enabled: 1
  serializedVersion: 4
  m_Convex: 1
  m_CookingOptions: 30
  m_Mesh: {fileID: 5599689883848827497, guid: 652849e6e1680d444a6c7186f4402f86, type: 3}
--- !u!54 &3987340362872195484
Rigidbody:
  m_ObjectHideFlags: 0
  m_CorrespondingSourceObject: {fileID: 0}
  m_PrefabInstance: {fileID: 0}
  m_PrefabAsset: {fileID: 0}
  m_GameObject: {fileID: 7285879905372278342}
  serializedVersion: 2
  m_Mass: 1
  m_Drag: 0
  m_AngularDrag: 0.05
  m_UseGravity: 1
  m_IsKinematic: 1
  m_Interpolate: 0
  m_Constraints: 0
  m_CollisionDetection: 0
--- !u!64 &3987340362872195485
MeshCollider:
  m_ObjectHideFlags: 0
  m_CorrespondingSourceObject: {fileID: 0}
  m_PrefabInstance: {fileID: 0}
  m_PrefabAsset: {fileID: 0}
  m_GameObject: {fileID: 7285879905372278342}
  m_Material: {fileID: 0}
  m_IsTrigger: 0
  m_Enabled: 1
  serializedVersion: 4
  m_Convex: 1
  m_CookingOptions: 30
  m_Mesh: {fileID: -8393897940426536401, guid: 652849e6e1680d444a6c7186f4402f86, type: 3}
--- !u!1 &3987340362891836133
GameObject:
  m_ObjectHideFlags: 0
  m_CorrespondingSourceObject: {fileID: 0}
  m_PrefabInstance: {fileID: 0}
  m_PrefabAsset: {fileID: 0}
  serializedVersion: 6
  m_Component:
  - component: {fileID: 3987340362891836186}
  - component: {fileID: 3987340362891836184}
  - component: {fileID: 3987340362891836187}
  - component: {fileID: 3987340362891836190}
  - component: {fileID: 3987340362891836185}
  m_Layer: 0
  m_Name: window_glass 1stFloor (4)
  m_TagString: Untagged
  m_Icon: {fileID: 0}
  m_NavMeshLayer: 0
  m_StaticEditorFlags: 0
  m_IsActive: 1
--- !u!4 &3987340362891836186
Transform:
  m_ObjectHideFlags: 0
  m_CorrespondingSourceObject: {fileID: 0}
  m_PrefabInstance: {fileID: 0}
  m_PrefabAsset: {fileID: 0}
  m_GameObject: {fileID: 3987340362891836133}
  m_LocalRotation: {x: 0, y: 1, z: 0, w: 0}
  m_LocalPosition: {x: -3.444, y: 1.709, z: -2.124}
  m_LocalScale: {x: 0.011, y: 0.011, z: 0.011}
  m_Children: []
  m_Father: {fileID: 3521631918944567004}
  m_RootOrder: 65
  m_LocalEulerAnglesHint: {x: 0, y: 180, z: 0}
--- !u!33 &3987340362891836184
MeshFilter:
  m_ObjectHideFlags: 0
  m_CorrespondingSourceObject: {fileID: 0}
  m_PrefabInstance: {fileID: 0}
  m_PrefabAsset: {fileID: 0}
  m_GameObject: {fileID: 3987340362891836133}
  m_Mesh: {fileID: -7935197401348623501, guid: 652849e6e1680d444a6c7186f4402f86, type: 3}
--- !u!23 &3987340362891836187
MeshRenderer:
  m_ObjectHideFlags: 0
  m_CorrespondingSourceObject: {fileID: 0}
  m_PrefabInstance: {fileID: 0}
  m_PrefabAsset: {fileID: 0}
  m_GameObject: {fileID: 3987340362891836133}
  m_Enabled: 1
  m_CastShadows: 1
  m_ReceiveShadows: 1
  m_DynamicOccludee: 1
  m_StaticShadowCaster: 0
  m_MotionVectors: 1
  m_LightProbeUsage: 1
  m_ReflectionProbeUsage: 1
  m_RayTracingMode: 2
  m_RayTraceProcedural: 0
  m_RenderingLayerMask: 1
  m_RendererPriority: 0
  m_Materials:
  - {fileID: 2100000, guid: d13c4324dcac6c149adb13017454aaa0, type: 2}
  - {fileID: 2100000, guid: bf43720560fbe95459386f242d4ed8b4, type: 2}
  m_StaticBatchInfo:
    firstSubMesh: 0
    subMeshCount: 0
  m_StaticBatchRoot: {fileID: 0}
  m_ProbeAnchor: {fileID: 0}
  m_LightProbeVolumeOverride: {fileID: 0}
  m_ScaleInLightmap: 1
  m_ReceiveGI: 1
  m_PreserveUVs: 0
  m_IgnoreNormalsForChartDetection: 0
  m_ImportantGI: 0
  m_StitchLightmapSeams: 1
  m_SelectedEditorRenderState: 3
  m_MinimumChartSize: 4
  m_AutoUVMaxDistance: 0.5
  m_AutoUVMaxAngle: 89
  m_LightmapParameters: {fileID: 0}
  m_SortingLayerID: 0
  m_SortingLayer: 0
  m_SortingOrder: 0
  m_AdditionalVertexStreams: {fileID: 0}
--- !u!65 &3987340362891836190
BoxCollider:
  m_ObjectHideFlags: 0
  m_CorrespondingSourceObject: {fileID: 0}
  m_PrefabInstance: {fileID: 0}
  m_PrefabAsset: {fileID: 0}
  m_GameObject: {fileID: 3987340362891836133}
  m_Material: {fileID: 0}
  m_IsTrigger: 0
  m_Enabled: 1
  serializedVersion: 2
  m_Size: {x: 8.656503, y: 114.21784, z: 82.203674}
  m_Center: {x: -1.2238145, y: -0.000017166136, z: -0.0002479371}
--- !u!54 &3987340362891836185
Rigidbody:
  m_ObjectHideFlags: 0
  m_CorrespondingSourceObject: {fileID: 0}
  m_PrefabInstance: {fileID: 0}
  m_PrefabAsset: {fileID: 0}
  m_GameObject: {fileID: 3987340362891836133}
  serializedVersion: 2
  m_Mass: 1
  m_Drag: 0
  m_AngularDrag: 0.05
  m_UseGravity: 1
  m_IsKinematic: 1
  m_Interpolate: 0
  m_Constraints: 0
  m_CollisionDetection: 0
--- !u!54 &3987340363025833687
Rigidbody:
  m_ObjectHideFlags: 0
  m_CorrespondingSourceObject: {fileID: 0}
  m_PrefabInstance: {fileID: 0}
  m_PrefabAsset: {fileID: 0}
  m_GameObject: {fileID: 2621897576130603235}
  serializedVersion: 2
  m_Mass: 1
  m_Drag: 0
  m_AngularDrag: 0.05
  m_UseGravity: 1
  m_IsKinematic: 1
  m_Interpolate: 0
  m_Constraints: 0
  m_CollisionDetection: 0
--- !u!64 &3987340363025833684
MeshCollider:
  m_ObjectHideFlags: 0
  m_CorrespondingSourceObject: {fileID: 0}
  m_PrefabInstance: {fileID: 0}
  m_PrefabAsset: {fileID: 0}
  m_GameObject: {fileID: 2621897576130603235}
  m_Material: {fileID: 0}
  m_IsTrigger: 0
  m_Enabled: 1
  serializedVersion: 4
  m_Convex: 1
  m_CookingOptions: 30
  m_Mesh: {fileID: -5403014026771338373, guid: 652849e6e1680d444a6c7186f4402f86, type: 3}
--- !u!54 &3987340363035495812
Rigidbody:
  m_ObjectHideFlags: 0
  m_CorrespondingSourceObject: {fileID: 0}
  m_PrefabInstance: {fileID: 0}
  m_PrefabAsset: {fileID: 0}
  m_GameObject: {fileID: 2238357463278407731}
  serializedVersion: 2
  m_Mass: 1
  m_Drag: 0
  m_AngularDrag: 0.05
  m_UseGravity: 1
  m_IsKinematic: 1
  m_Interpolate: 0
  m_Constraints: 0
  m_CollisionDetection: 0
--- !u!64 &3987340363035495813
MeshCollider:
  m_ObjectHideFlags: 0
  m_CorrespondingSourceObject: {fileID: 0}
  m_PrefabInstance: {fileID: 0}
  m_PrefabAsset: {fileID: 0}
  m_GameObject: {fileID: 2238357463278407731}
  m_Material: {fileID: 0}
  m_IsTrigger: 0
  m_Enabled: 1
  serializedVersion: 4
  m_Convex: 1
  m_CookingOptions: 30
  m_Mesh: {fileID: -7517338634296148460, guid: 652849e6e1680d444a6c7186f4402f86, type: 3}
--- !u!54 &3987340363041349688
Rigidbody:
  m_ObjectHideFlags: 0
  m_CorrespondingSourceObject: {fileID: 0}
  m_PrefabInstance: {fileID: 0}
  m_PrefabAsset: {fileID: 0}
  m_GameObject: {fileID: 7945671326073755539}
  serializedVersion: 2
  m_Mass: 1
  m_Drag: 0
  m_AngularDrag: 0.05
  m_UseGravity: 1
  m_IsKinematic: 1
  m_Interpolate: 0
  m_Constraints: 0
  m_CollisionDetection: 0
--- !u!64 &3987340363041349689
MeshCollider:
  m_ObjectHideFlags: 0
  m_CorrespondingSourceObject: {fileID: 0}
  m_PrefabInstance: {fileID: 0}
  m_PrefabAsset: {fileID: 0}
  m_GameObject: {fileID: 7945671326073755539}
  m_Material: {fileID: 0}
  m_IsTrigger: 0
  m_Enabled: 1
  serializedVersion: 4
  m_Convex: 1
  m_CookingOptions: 30
  m_Mesh: {fileID: 5474459594539357712, guid: 652849e6e1680d444a6c7186f4402f86, type: 3}
--- !u!54 &3987340363060360049
Rigidbody:
  m_ObjectHideFlags: 0
  m_CorrespondingSourceObject: {fileID: 0}
  m_PrefabInstance: {fileID: 0}
  m_PrefabAsset: {fileID: 0}
  m_GameObject: {fileID: 6501850961652257215}
  serializedVersion: 2
  m_Mass: 1
  m_Drag: 0
  m_AngularDrag: 0.05
  m_UseGravity: 1
  m_IsKinematic: 1
  m_Interpolate: 0
  m_Constraints: 0
  m_CollisionDetection: 0
--- !u!64 &3987340363060360054
MeshCollider:
  m_ObjectHideFlags: 0
  m_CorrespondingSourceObject: {fileID: 0}
  m_PrefabInstance: {fileID: 0}
  m_PrefabAsset: {fileID: 0}
  m_GameObject: {fileID: 6501850961652257215}
  m_Material: {fileID: 0}
  m_IsTrigger: 0
  m_Enabled: 1
  serializedVersion: 4
  m_Convex: 1
  m_CookingOptions: 30
  m_Mesh: {fileID: -2983677940752160752, guid: 652849e6e1680d444a6c7186f4402f86, type: 3}
--- !u!1 &3987340363132502111
GameObject:
  m_ObjectHideFlags: 0
  m_CorrespondingSourceObject: {fileID: 0}
  m_PrefabInstance: {fileID: 0}
  m_PrefabAsset: {fileID: 0}
  serializedVersion: 6
  m_Component:
  - component: {fileID: 3987340363132502108}
  - component: {fileID: 3987340363132502098}
  - component: {fileID: 3987340363132502109}
  - component: {fileID: 3987340363132502096}
  - component: {fileID: 3987340363132502099}
  m_Layer: 0
  m_Name: window_glass 1stFloor (6)
  m_TagString: Untagged
  m_Icon: {fileID: 0}
  m_NavMeshLayer: 0
  m_StaticEditorFlags: 0
  m_IsActive: 1
--- !u!4 &3987340363132502108
Transform:
  m_ObjectHideFlags: 0
  m_CorrespondingSourceObject: {fileID: 0}
  m_PrefabInstance: {fileID: 0}
  m_PrefabAsset: {fileID: 0}
  m_GameObject: {fileID: 3987340363132502111}
  m_LocalRotation: {x: 0, y: 1, z: 0, w: 0}
  m_LocalPosition: {x: -3.444, y: 1.709, z: 2.379}
  m_LocalScale: {x: 0.011, y: 0.011, z: 0.011}
  m_Children: []
  m_Father: {fileID: 3521631918944567004}
  m_RootOrder: 67
  m_LocalEulerAnglesHint: {x: 0, y: 180, z: 0}
--- !u!33 &3987340363132502098
MeshFilter:
  m_ObjectHideFlags: 0
  m_CorrespondingSourceObject: {fileID: 0}
  m_PrefabInstance: {fileID: 0}
  m_PrefabAsset: {fileID: 0}
  m_GameObject: {fileID: 3987340363132502111}
  m_Mesh: {fileID: -7935197401348623501, guid: 652849e6e1680d444a6c7186f4402f86, type: 3}
--- !u!23 &3987340363132502109
MeshRenderer:
  m_ObjectHideFlags: 0
  m_CorrespondingSourceObject: {fileID: 0}
  m_PrefabInstance: {fileID: 0}
  m_PrefabAsset: {fileID: 0}
  m_GameObject: {fileID: 3987340363132502111}
  m_Enabled: 1
  m_CastShadows: 1
  m_ReceiveShadows: 1
  m_DynamicOccludee: 1
  m_StaticShadowCaster: 0
  m_MotionVectors: 1
  m_LightProbeUsage: 1
  m_ReflectionProbeUsage: 1
  m_RayTracingMode: 2
  m_RayTraceProcedural: 0
  m_RenderingLayerMask: 1
  m_RendererPriority: 0
  m_Materials:
  - {fileID: 2100000, guid: d13c4324dcac6c149adb13017454aaa0, type: 2}
  - {fileID: 2100000, guid: bf43720560fbe95459386f242d4ed8b4, type: 2}
  m_StaticBatchInfo:
    firstSubMesh: 0
    subMeshCount: 0
  m_StaticBatchRoot: {fileID: 0}
  m_ProbeAnchor: {fileID: 0}
  m_LightProbeVolumeOverride: {fileID: 0}
  m_ScaleInLightmap: 1
  m_ReceiveGI: 1
  m_PreserveUVs: 0
  m_IgnoreNormalsForChartDetection: 0
  m_ImportantGI: 0
  m_StitchLightmapSeams: 1
  m_SelectedEditorRenderState: 3
  m_MinimumChartSize: 4
  m_AutoUVMaxDistance: 0.5
  m_AutoUVMaxAngle: 89
  m_LightmapParameters: {fileID: 0}
  m_SortingLayerID: 0
  m_SortingLayer: 0
  m_SortingOrder: 0
  m_AdditionalVertexStreams: {fileID: 0}
--- !u!65 &3987340363132502096
BoxCollider:
  m_ObjectHideFlags: 0
  m_CorrespondingSourceObject: {fileID: 0}
  m_PrefabInstance: {fileID: 0}
  m_PrefabAsset: {fileID: 0}
  m_GameObject: {fileID: 3987340363132502111}
  m_Material: {fileID: 0}
  m_IsTrigger: 0
  m_Enabled: 1
  serializedVersion: 2
  m_Size: {x: 8.656503, y: 114.21784, z: 82.203674}
  m_Center: {x: -1.2238145, y: -0.000017166136, z: -0.0002631959}
--- !u!54 &3987340363132502099
Rigidbody:
  m_ObjectHideFlags: 0
  m_CorrespondingSourceObject: {fileID: 0}
  m_PrefabInstance: {fileID: 0}
  m_PrefabAsset: {fileID: 0}
  m_GameObject: {fileID: 3987340363132502111}
  serializedVersion: 2
  m_Mass: 1
  m_Drag: 0
  m_AngularDrag: 0.05
  m_UseGravity: 1
  m_IsKinematic: 1
  m_Interpolate: 0
  m_Constraints: 0
  m_CollisionDetection: 0
--- !u!54 &3987340363176328392
Rigidbody:
  m_ObjectHideFlags: 0
  m_CorrespondingSourceObject: {fileID: 0}
  m_PrefabInstance: {fileID: 0}
  m_PrefabAsset: {fileID: 0}
  m_GameObject: {fileID: 1998962160538234857}
  serializedVersion: 2
  m_Mass: 1
  m_Drag: 0
  m_AngularDrag: 0.05
  m_UseGravity: 1
  m_IsKinematic: 1
  m_Interpolate: 0
  m_Constraints: 0
  m_CollisionDetection: 0
--- !u!64 &3987340363176328393
MeshCollider:
  m_ObjectHideFlags: 0
  m_CorrespondingSourceObject: {fileID: 0}
  m_PrefabInstance: {fileID: 0}
  m_PrefabAsset: {fileID: 0}
  m_GameObject: {fileID: 1998962160538234857}
  m_Material: {fileID: 0}
  m_IsTrigger: 0
  m_Enabled: 1
  serializedVersion: 4
  m_Convex: 1
  m_CookingOptions: 30
  m_Mesh: {fileID: 3266097469956022630, guid: 652849e6e1680d444a6c7186f4402f86, type: 3}
--- !u!54 &3987340363364364192
Rigidbody:
  m_ObjectHideFlags: 0
  m_CorrespondingSourceObject: {fileID: 0}
  m_PrefabInstance: {fileID: 0}
  m_PrefabAsset: {fileID: 0}
  m_GameObject: {fileID: 905902146838632129}
  serializedVersion: 2
  m_Mass: 1
  m_Drag: 0
  m_AngularDrag: 0.05
  m_UseGravity: 1
  m_IsKinematic: 1
  m_Interpolate: 0
  m_Constraints: 0
  m_CollisionDetection: 0
--- !u!64 &3987340363364364193
MeshCollider:
  m_ObjectHideFlags: 0
  m_CorrespondingSourceObject: {fileID: 0}
  m_PrefabInstance: {fileID: 0}
  m_PrefabAsset: {fileID: 0}
  m_GameObject: {fileID: 905902146838632129}
  m_Material: {fileID: 0}
  m_IsTrigger: 0
  m_Enabled: 1
  serializedVersion: 4
  m_Convex: 1
  m_CookingOptions: 30
  m_Mesh: {fileID: -1334114681414626520, guid: 652849e6e1680d444a6c7186f4402f86, type: 3}
--- !u!1 &3987340363440724238
GameObject:
  m_ObjectHideFlags: 0
  m_CorrespondingSourceObject: {fileID: 0}
  m_PrefabInstance: {fileID: 0}
  m_PrefabAsset: {fileID: 0}
  serializedVersion: 6
  m_Component:
  - component: {fileID: 3987340363440724239}
  - component: {fileID: 3987340363440724237}
  - component: {fileID: 3987340363440724236}
  - component: {fileID: 3987340363440724227}
  - component: {fileID: 3987340363440724226}
  m_Layer: 0
  m_Name: window_glass 1stFloor (2)
  m_TagString: Untagged
  m_Icon: {fileID: 0}
  m_NavMeshLayer: 0
  m_StaticEditorFlags: 0
  m_IsActive: 1
--- !u!4 &3987340363440724239
Transform:
  m_ObjectHideFlags: 0
  m_CorrespondingSourceObject: {fileID: 0}
  m_PrefabInstance: {fileID: 0}
  m_PrefabAsset: {fileID: 0}
  m_GameObject: {fileID: 3987340363440724238}
  m_LocalRotation: {x: 0, y: 0.7071068, z: 0, w: 0.7071068}
  m_LocalPosition: {x: 0.388, y: 1.709, z: -3.261}
  m_LocalScale: {x: 0.011, y: 0.011, z: 0.011}
  m_Children: []
  m_Father: {fileID: 3521631918944567004}
  m_RootOrder: 63
  m_LocalEulerAnglesHint: {x: 0, y: 90, z: 0}
--- !u!33 &3987340363440724237
MeshFilter:
  m_ObjectHideFlags: 0
  m_CorrespondingSourceObject: {fileID: 0}
  m_PrefabInstance: {fileID: 0}
  m_PrefabAsset: {fileID: 0}
  m_GameObject: {fileID: 3987340363440724238}
  m_Mesh: {fileID: -7935197401348623501, guid: 652849e6e1680d444a6c7186f4402f86, type: 3}
--- !u!23 &3987340363440724236
MeshRenderer:
  m_ObjectHideFlags: 0
  m_CorrespondingSourceObject: {fileID: 0}
  m_PrefabInstance: {fileID: 0}
  m_PrefabAsset: {fileID: 0}
  m_GameObject: {fileID: 3987340363440724238}
  m_Enabled: 1
  m_CastShadows: 1
  m_ReceiveShadows: 1
  m_DynamicOccludee: 1
  m_StaticShadowCaster: 0
  m_MotionVectors: 1
  m_LightProbeUsage: 1
  m_ReflectionProbeUsage: 1
  m_RayTracingMode: 2
  m_RayTraceProcedural: 0
  m_RenderingLayerMask: 1
  m_RendererPriority: 0
  m_Materials:
  - {fileID: 2100000, guid: d13c4324dcac6c149adb13017454aaa0, type: 2}
  - {fileID: 2100000, guid: bf43720560fbe95459386f242d4ed8b4, type: 2}
  m_StaticBatchInfo:
    firstSubMesh: 0
    subMeshCount: 0
  m_StaticBatchRoot: {fileID: 0}
  m_ProbeAnchor: {fileID: 0}
  m_LightProbeVolumeOverride: {fileID: 0}
  m_ScaleInLightmap: 1
  m_ReceiveGI: 1
  m_PreserveUVs: 0
  m_IgnoreNormalsForChartDetection: 0
  m_ImportantGI: 0
  m_StitchLightmapSeams: 1
  m_SelectedEditorRenderState: 3
  m_MinimumChartSize: 4
  m_AutoUVMaxDistance: 0.5
  m_AutoUVMaxAngle: 89
  m_LightmapParameters: {fileID: 0}
  m_SortingLayerID: 0
  m_SortingLayer: 0
  m_SortingOrder: 0
  m_AdditionalVertexStreams: {fileID: 0}
--- !u!65 &3987340363440724227
BoxCollider:
  m_ObjectHideFlags: 0
  m_CorrespondingSourceObject: {fileID: 0}
  m_PrefabInstance: {fileID: 0}
  m_PrefabAsset: {fileID: 0}
  m_GameObject: {fileID: 3987340363440724238}
  m_Material: {fileID: 0}
  m_IsTrigger: 0
  m_Enabled: 1
  serializedVersion: 2
  m_Size: {x: 8.656505, y: 114.21784, z: 82.2037}
  m_Center: {x: -1.2237995, y: -0.000017166136, z: -0.00023267836}
--- !u!54 &3987340363440724226
Rigidbody:
  m_ObjectHideFlags: 0
  m_CorrespondingSourceObject: {fileID: 0}
  m_PrefabInstance: {fileID: 0}
  m_PrefabAsset: {fileID: 0}
  m_GameObject: {fileID: 3987340363440724238}
  serializedVersion: 2
  m_Mass: 1
  m_Drag: 0
  m_AngularDrag: 0.05
  m_UseGravity: 1
  m_IsKinematic: 1
  m_Interpolate: 0
  m_Constraints: 0
  m_CollisionDetection: 0
--- !u!1 &3987340363518868120
GameObject:
  m_ObjectHideFlags: 0
  m_CorrespondingSourceObject: {fileID: 0}
  m_PrefabInstance: {fileID: 0}
  m_PrefabAsset: {fileID: 0}
  serializedVersion: 6
  m_Component:
  - component: {fileID: 3987340363518868121}
  - component: {fileID: 3987340363518868127}
  - component: {fileID: 3987340363518868126}
  - component: {fileID: 3987340363518868125}
  - component: {fileID: 3987340363518868124}
  m_Layer: 0
  m_Name: window_glass 1stFloor (3)
  m_TagString: Untagged
  m_Icon: {fileID: 0}
  m_NavMeshLayer: 0
  m_StaticEditorFlags: 0
  m_IsActive: 1
--- !u!4 &3987340363518868121
Transform:
  m_ObjectHideFlags: 0
  m_CorrespondingSourceObject: {fileID: 0}
  m_PrefabInstance: {fileID: 0}
  m_PrefabAsset: {fileID: 0}
  m_GameObject: {fileID: 3987340363518868120}
  m_LocalRotation: {x: 0, y: 0.7071068, z: 0, w: 0.7071068}
  m_LocalPosition: {x: -1.864, y: 1.709, z: -3.261}
  m_LocalScale: {x: 0.011, y: 0.011, z: 0.011}
  m_Children: []
  m_Father: {fileID: 3521631918944567004}
  m_RootOrder: 64
  m_LocalEulerAnglesHint: {x: 0, y: 90, z: 0}
--- !u!33 &3987340363518868127
MeshFilter:
  m_ObjectHideFlags: 0
  m_CorrespondingSourceObject: {fileID: 0}
  m_PrefabInstance: {fileID: 0}
  m_PrefabAsset: {fileID: 0}
  m_GameObject: {fileID: 3987340363518868120}
  m_Mesh: {fileID: -7935197401348623501, guid: 652849e6e1680d444a6c7186f4402f86, type: 3}
--- !u!23 &3987340363518868126
MeshRenderer:
  m_ObjectHideFlags: 0
  m_CorrespondingSourceObject: {fileID: 0}
  m_PrefabInstance: {fileID: 0}
  m_PrefabAsset: {fileID: 0}
  m_GameObject: {fileID: 3987340363518868120}
  m_Enabled: 1
  m_CastShadows: 1
  m_ReceiveShadows: 1
  m_DynamicOccludee: 1
  m_StaticShadowCaster: 0
  m_MotionVectors: 1
  m_LightProbeUsage: 1
  m_ReflectionProbeUsage: 1
  m_RayTracingMode: 2
  m_RayTraceProcedural: 0
  m_RenderingLayerMask: 1
  m_RendererPriority: 0
  m_Materials:
  - {fileID: 2100000, guid: d13c4324dcac6c149adb13017454aaa0, type: 2}
  - {fileID: 2100000, guid: bf43720560fbe95459386f242d4ed8b4, type: 2}
  m_StaticBatchInfo:
    firstSubMesh: 0
    subMeshCount: 0
  m_StaticBatchRoot: {fileID: 0}
  m_ProbeAnchor: {fileID: 0}
  m_LightProbeVolumeOverride: {fileID: 0}
  m_ScaleInLightmap: 1
  m_ReceiveGI: 1
  m_PreserveUVs: 0
  m_IgnoreNormalsForChartDetection: 0
  m_ImportantGI: 0
  m_StitchLightmapSeams: 1
  m_SelectedEditorRenderState: 3
  m_MinimumChartSize: 4
  m_AutoUVMaxDistance: 0.5
  m_AutoUVMaxAngle: 89
  m_LightmapParameters: {fileID: 0}
  m_SortingLayerID: 0
  m_SortingLayer: 0
  m_SortingOrder: 0
  m_AdditionalVertexStreams: {fileID: 0}
--- !u!65 &3987340363518868125
BoxCollider:
  m_ObjectHideFlags: 0
  m_CorrespondingSourceObject: {fileID: 0}
  m_PrefabInstance: {fileID: 0}
  m_PrefabAsset: {fileID: 0}
  m_GameObject: {fileID: 3987340363518868120}
  m_Material: {fileID: 0}
  m_IsTrigger: 0
  m_Enabled: 1
  serializedVersion: 2
  m_Size: {x: 8.656505, y: 114.21784, z: 82.2037}
  m_Center: {x: -1.2237995, y: -0.000017166136, z: -0.00029371353}
--- !u!54 &3987340363518868124
Rigidbody:
  m_ObjectHideFlags: 0
  m_CorrespondingSourceObject: {fileID: 0}
  m_PrefabInstance: {fileID: 0}
  m_PrefabAsset: {fileID: 0}
  m_GameObject: {fileID: 3987340363518868120}
  serializedVersion: 2
  m_Mass: 1
  m_Drag: 0
  m_AngularDrag: 0.05
  m_UseGravity: 1
  m_IsKinematic: 1
  m_Interpolate: 0
  m_Constraints: 0
  m_CollisionDetection: 0
--- !u!54 &3987340363614851842
Rigidbody:
  m_ObjectHideFlags: 0
  m_CorrespondingSourceObject: {fileID: 0}
  m_PrefabInstance: {fileID: 0}
  m_PrefabAsset: {fileID: 0}
  m_GameObject: {fileID: 735265835824154964}
  serializedVersion: 2
  m_Mass: 1
  m_Drag: 0
  m_AngularDrag: 0.05
  m_UseGravity: 1
  m_IsKinematic: 0
  m_Interpolate: 0
  m_Constraints: 0
  m_CollisionDetection: 0
--- !u!65 &3987340363614851843
BoxCollider:
  m_ObjectHideFlags: 0
  m_CorrespondingSourceObject: {fileID: 0}
  m_PrefabInstance: {fileID: 0}
  m_PrefabAsset: {fileID: 0}
  m_GameObject: {fileID: 735265835824154964}
  m_Material: {fileID: 0}
  m_IsTrigger: 0
  m_Enabled: 1
  serializedVersion: 2
  m_Size: {x: 5.1599865, y: 168.3501, z: 101.32752}
  m_Center: {x: -0.000061035156, y: -2.7722626, z: 8.880612}
--- !u!59 &3987340363614851853
HingeJoint:
  m_ObjectHideFlags: 0
  m_CorrespondingSourceObject: {fileID: 0}
  m_PrefabInstance: {fileID: 0}
  m_PrefabAsset: {fileID: 0}
  m_GameObject: {fileID: 735265835824154964}
  m_ConnectedBody: {fileID: 0}
  m_ConnectedArticulationBody: {fileID: 0}
  m_Anchor: {x: 0, y: 0, z: 59.81}
  m_Axis: {x: 0, y: 1, z: 0}
  m_AutoConfigureConnectedAnchor: 1
  m_ConnectedAnchor: {x: 0.16325605, y: 0.38292277, z: 6.9631357}
  m_UseSpring: 1
  m_Spring:
    spring: 55
    damper: 13
    targetPosition: 0
  m_UseMotor: 0
  m_Motor:
    targetVelocity: 0
    force: 0
    freeSpin: 0
  m_UseLimits: 0
  m_Limits:
    min: 0
    max: 0
    bounciness: 0
    bounceMinVelocity: 0.2
    contactDistance: 0
  m_BreakForce: 15
  m_BreakTorque: Infinity
  m_EnableCollision: 0
  m_EnablePreprocessing: 1
  m_MassScale: 1
  m_ConnectedMassScale: 1
--- !u!54 &3987340363757248503
Rigidbody:
  m_ObjectHideFlags: 0
  m_CorrespondingSourceObject: {fileID: 0}
  m_PrefabInstance: {fileID: 0}
  m_PrefabAsset: {fileID: 0}
  m_GameObject: {fileID: 2078486490713420977}
  serializedVersion: 2
  m_Mass: 1
  m_Drag: 0
  m_AngularDrag: 0.05
  m_UseGravity: 1
  m_IsKinematic: 1
  m_Interpolate: 0
  m_Constraints: 0
  m_CollisionDetection: 0
--- !u!64 &3987340363757248500
MeshCollider:
  m_ObjectHideFlags: 0
  m_CorrespondingSourceObject: {fileID: 0}
  m_PrefabInstance: {fileID: 0}
  m_PrefabAsset: {fileID: 0}
  m_GameObject: {fileID: 2078486490713420977}
  m_Material: {fileID: 0}
  m_IsTrigger: 0
  m_Enabled: 1
  serializedVersion: 4
  m_Convex: 1
  m_CookingOptions: 30
  m_Mesh: {fileID: 3163805578820533278, guid: 652849e6e1680d444a6c7186f4402f86, type: 3}
--- !u!54 &3987340363777209592
Rigidbody:
  m_ObjectHideFlags: 0
  m_CorrespondingSourceObject: {fileID: 0}
  m_PrefabInstance: {fileID: 0}
  m_PrefabAsset: {fileID: 0}
  m_GameObject: {fileID: 1019751044101269403}
  serializedVersion: 2
  m_Mass: 1
  m_Drag: 0
  m_AngularDrag: 0.05
  m_UseGravity: 1
  m_IsKinematic: 1
  m_Interpolate: 0
  m_Constraints: 0
  m_CollisionDetection: 0
--- !u!64 &3987340363777209594
MeshCollider:
  m_ObjectHideFlags: 0
  m_CorrespondingSourceObject: {fileID: 0}
  m_PrefabInstance: {fileID: 0}
  m_PrefabAsset: {fileID: 0}
  m_GameObject: {fileID: 1019751044101269403}
  m_Material: {fileID: 0}
  m_IsTrigger: 0
  m_Enabled: 1
  serializedVersion: 4
  m_Convex: 0
  m_CookingOptions: 30
  m_Mesh: {fileID: -2329976164566508333, guid: 652849e6e1680d444a6c7186f4402f86, type: 3}
--- !u!64 &3987340363777209595
MeshCollider:
  m_ObjectHideFlags: 0
  m_CorrespondingSourceObject: {fileID: 0}
  m_PrefabInstance: {fileID: 0}
  m_PrefabAsset: {fileID: 0}
  m_GameObject: {fileID: 1019751044101269403}
  m_Material: {fileID: 0}
  m_IsTrigger: 0
  m_Enabled: 1
  serializedVersion: 4
  m_Convex: 1
  m_CookingOptions: 30
  m_Mesh: {fileID: -2329976164566508333, guid: 652849e6e1680d444a6c7186f4402f86, type: 3}
--- !u!54 &3987340363785213279
Rigidbody:
  m_ObjectHideFlags: 0
  m_CorrespondingSourceObject: {fileID: 0}
  m_PrefabInstance: {fileID: 0}
  m_PrefabAsset: {fileID: 0}
  m_GameObject: {fileID: 8323763970605988485}
  serializedVersion: 2
  m_Mass: 1
  m_Drag: 0
  m_AngularDrag: 0.05
  m_UseGravity: 1
  m_IsKinematic: 1
  m_Interpolate: 0
  m_Constraints: 0
  m_CollisionDetection: 0
--- !u!64 &3987340363785213276
MeshCollider:
  m_ObjectHideFlags: 0
  m_CorrespondingSourceObject: {fileID: 0}
  m_PrefabInstance: {fileID: 0}
  m_PrefabAsset: {fileID: 0}
  m_GameObject: {fileID: 8323763970605988485}
  m_Material: {fileID: 0}
  m_IsTrigger: 0
  m_Enabled: 1
  serializedVersion: 4
  m_Convex: 1
  m_CookingOptions: 30
  m_Mesh: {fileID: -7474369354605172445, guid: 652849e6e1680d444a6c7186f4402f86, type: 3}
--- !u!54 &3987340363867211352
Rigidbody:
  m_ObjectHideFlags: 0
  m_CorrespondingSourceObject: {fileID: 0}
  m_PrefabInstance: {fileID: 0}
  m_PrefabAsset: {fileID: 0}
  m_GameObject: {fileID: 1946755893898707422}
  serializedVersion: 2
  m_Mass: 1
  m_Drag: 0
  m_AngularDrag: 0.05
  m_UseGravity: 1
  m_IsKinematic: 1
  m_Interpolate: 0
  m_Constraints: 0
  m_CollisionDetection: 0
--- !u!64 &3987340363867211353
MeshCollider:
  m_ObjectHideFlags: 0
  m_CorrespondingSourceObject: {fileID: 0}
  m_PrefabInstance: {fileID: 0}
  m_PrefabAsset: {fileID: 0}
  m_GameObject: {fileID: 1946755893898707422}
  m_Material: {fileID: 0}
  m_IsTrigger: 0
  m_Enabled: 1
  serializedVersion: 4
  m_Convex: 1
  m_CookingOptions: 30
  m_Mesh: {fileID: -3935145936405831560, guid: 652849e6e1680d444a6c7186f4402f86, type: 3}
--- !u!54 &3987340363925662155
Rigidbody:
  m_ObjectHideFlags: 0
  m_CorrespondingSourceObject: {fileID: 0}
  m_PrefabInstance: {fileID: 0}
  m_PrefabAsset: {fileID: 0}
  m_GameObject: {fileID: 5496765806313477864}
  serializedVersion: 2
  m_Mass: 1
  m_Drag: 0
  m_AngularDrag: 0.05
  m_UseGravity: 1
  m_IsKinematic: 1
  m_Interpolate: 0
  m_Constraints: 0
  m_CollisionDetection: 0
--- !u!64 &3987340363925662152
MeshCollider:
  m_ObjectHideFlags: 0
  m_CorrespondingSourceObject: {fileID: 0}
  m_PrefabInstance: {fileID: 0}
  m_PrefabAsset: {fileID: 0}
  m_GameObject: {fileID: 5496765806313477864}
  m_Material: {fileID: 0}
  m_IsTrigger: 0
  m_Enabled: 1
  serializedVersion: 4
  m_Convex: 1
  m_CookingOptions: 30
  m_Mesh: {fileID: -6324721685086490277, guid: 652849e6e1680d444a6c7186f4402f86, type: 3}
--- !u!54 &3987340363978812319
Rigidbody:
  m_ObjectHideFlags: 0
  m_CorrespondingSourceObject: {fileID: 0}
  m_PrefabInstance: {fileID: 0}
  m_PrefabAsset: {fileID: 0}
  m_GameObject: {fileID: 650535274068477533}
  serializedVersion: 2
  m_Mass: 1
  m_Drag: 0
  m_AngularDrag: 0.05
  m_UseGravity: 1
  m_IsKinematic: 1
  m_Interpolate: 0
  m_Constraints: 0
  m_CollisionDetection: 0
--- !u!64 &3987340363978812316
MeshCollider:
  m_ObjectHideFlags: 0
  m_CorrespondingSourceObject: {fileID: 0}
  m_PrefabInstance: {fileID: 0}
  m_PrefabAsset: {fileID: 0}
  m_GameObject: {fileID: 650535274068477533}
  m_Material: {fileID: 0}
  m_IsTrigger: 0
  m_Enabled: 1
  serializedVersion: 4
  m_Convex: 1
  m_CookingOptions: 30
  m_Mesh: {fileID: -4755236657878875587, guid: 652849e6e1680d444a6c7186f4402f86, type: 3}
--- !u!54 &3987340364067127247
Rigidbody:
  m_ObjectHideFlags: 0
  m_CorrespondingSourceObject: {fileID: 0}
  m_PrefabInstance: {fileID: 0}
  m_PrefabAsset: {fileID: 0}
  m_GameObject: {fileID: 7390895048820307332}
  serializedVersion: 2
  m_Mass: 1
  m_Drag: 0
  m_AngularDrag: 0.05
  m_UseGravity: 1
  m_IsKinematic: 1
  m_Interpolate: 0
  m_Constraints: 0
  m_CollisionDetection: 0
--- !u!64 &3987340364067127244
MeshCollider:
  m_ObjectHideFlags: 0
  m_CorrespondingSourceObject: {fileID: 0}
  m_PrefabInstance: {fileID: 0}
  m_PrefabAsset: {fileID: 0}
  m_GameObject: {fileID: 7390895048820307332}
  m_Material: {fileID: 0}
  m_IsTrigger: 0
  m_Enabled: 1
  serializedVersion: 4
  m_Convex: 1
  m_CookingOptions: 30
  m_Mesh: {fileID: 2772501850979317298, guid: 652849e6e1680d444a6c7186f4402f86, type: 3}
--- !u!1 &3987340364137472209
GameObject:
  m_ObjectHideFlags: 0
  m_CorrespondingSourceObject: {fileID: 0}
  m_PrefabInstance: {fileID: 0}
  m_PrefabAsset: {fileID: 0}
  serializedVersion: 6
  m_Component:
  - component: {fileID: 3987340364137472214}
  - component: {fileID: 3987340364137472212}
  - component: {fileID: 3987340364137472215}
  - component: {fileID: 3987340364137472202}
  - component: {fileID: 3987340364137472213}
  m_Layer: 0
  m_Name: window_glass 1stFloor (7)
  m_TagString: Untagged
  m_Icon: {fileID: 0}
  m_NavMeshLayer: 0
  m_StaticEditorFlags: 0
  m_IsActive: 1
--- !u!4 &3987340364137472214
Transform:
  m_ObjectHideFlags: 0
  m_CorrespondingSourceObject: {fileID: 0}
  m_PrefabInstance: {fileID: 0}
  m_PrefabAsset: {fileID: 0}
  m_GameObject: {fileID: 3987340364137472209}
  m_LocalRotation: {x: 0, y: -0.7071068, z: 0, w: 0.7071068}
  m_LocalPosition: {x: -1.869, y: 1.709, z: 3.544}
  m_LocalScale: {x: 0.011, y: 0.011, z: 0.011}
  m_Children: []
  m_Father: {fileID: 3521631918944567004}
  m_RootOrder: 68
  m_LocalEulerAnglesHint: {x: 0, y: -90, z: 0}
--- !u!33 &3987340364137472212
MeshFilter:
  m_ObjectHideFlags: 0
  m_CorrespondingSourceObject: {fileID: 0}
  m_PrefabInstance: {fileID: 0}
  m_PrefabAsset: {fileID: 0}
  m_GameObject: {fileID: 3987340364137472209}
  m_Mesh: {fileID: -7935197401348623501, guid: 652849e6e1680d444a6c7186f4402f86, type: 3}
--- !u!23 &3987340364137472215
MeshRenderer:
  m_ObjectHideFlags: 0
  m_CorrespondingSourceObject: {fileID: 0}
  m_PrefabInstance: {fileID: 0}
  m_PrefabAsset: {fileID: 0}
  m_GameObject: {fileID: 3987340364137472209}
  m_Enabled: 1
  m_CastShadows: 1
  m_ReceiveShadows: 1
  m_DynamicOccludee: 1
  m_StaticShadowCaster: 0
  m_MotionVectors: 1
  m_LightProbeUsage: 1
  m_ReflectionProbeUsage: 1
  m_RayTracingMode: 2
  m_RayTraceProcedural: 0
  m_RenderingLayerMask: 1
  m_RendererPriority: 0
  m_Materials:
  - {fileID: 2100000, guid: d13c4324dcac6c149adb13017454aaa0, type: 2}
  - {fileID: 2100000, guid: bf43720560fbe95459386f242d4ed8b4, type: 2}
  m_StaticBatchInfo:
    firstSubMesh: 0
    subMeshCount: 0
  m_StaticBatchRoot: {fileID: 0}
  m_ProbeAnchor: {fileID: 0}
  m_LightProbeVolumeOverride: {fileID: 0}
  m_ScaleInLightmap: 1
  m_ReceiveGI: 1
  m_PreserveUVs: 0
  m_IgnoreNormalsForChartDetection: 0
  m_ImportantGI: 0
  m_StitchLightmapSeams: 1
  m_SelectedEditorRenderState: 3
  m_MinimumChartSize: 4
  m_AutoUVMaxDistance: 0.5
  m_AutoUVMaxAngle: 89
  m_LightmapParameters: {fileID: 0}
  m_SortingLayerID: 0
  m_SortingLayer: 0
  m_SortingOrder: 0
  m_AdditionalVertexStreams: {fileID: 0}
--- !u!65 &3987340364137472202
BoxCollider:
  m_ObjectHideFlags: 0
  m_CorrespondingSourceObject: {fileID: 0}
  m_PrefabInstance: {fileID: 0}
  m_PrefabAsset: {fileID: 0}
  m_GameObject: {fileID: 3987340364137472209}
  m_Material: {fileID: 0}
  m_IsTrigger: 0
  m_Enabled: 1
  serializedVersion: 2
  m_Size: {x: 8.656504, y: 114.21784, z: 82.2037}
  m_Center: {x: -1.2237537, y: -0.000017166136, z: -0.00017166144}
--- !u!54 &3987340364137472213
Rigidbody:
  m_ObjectHideFlags: 0
  m_CorrespondingSourceObject: {fileID: 0}
  m_PrefabInstance: {fileID: 0}
  m_PrefabAsset: {fileID: 0}
  m_GameObject: {fileID: 3987340364137472209}
  serializedVersion: 2
  m_Mass: 1
  m_Drag: 0
  m_AngularDrag: 0.05
  m_UseGravity: 1
  m_IsKinematic: 1
  m_Interpolate: 0
  m_Constraints: 0
  m_CollisionDetection: 0
--- !u!54 &3987340364209383205
Rigidbody:
  m_ObjectHideFlags: 0
  m_CorrespondingSourceObject: {fileID: 0}
  m_PrefabInstance: {fileID: 0}
  m_PrefabAsset: {fileID: 0}
  m_GameObject: {fileID: 6199889750652585366}
  serializedVersion: 2
  m_Mass: 1
  m_Drag: 0
  m_AngularDrag: 0.05
  m_UseGravity: 1
  m_IsKinematic: 1
  m_Interpolate: 0
  m_Constraints: 0
  m_CollisionDetection: 0
--- !u!64 &3987340364209383258
MeshCollider:
  m_ObjectHideFlags: 0
  m_CorrespondingSourceObject: {fileID: 0}
  m_PrefabInstance: {fileID: 0}
  m_PrefabAsset: {fileID: 0}
  m_GameObject: {fileID: 6199889750652585366}
  m_Material: {fileID: 0}
  m_IsTrigger: 0
  m_Enabled: 1
  serializedVersion: 4
  m_Convex: 1
  m_CookingOptions: 30
  m_Mesh: {fileID: 1801710821301862965, guid: 652849e6e1680d444a6c7186f4402f86, type: 3}
--- !u!54 &3987340364325956532
Rigidbody:
  m_ObjectHideFlags: 0
  m_CorrespondingSourceObject: {fileID: 0}
  m_PrefabInstance: {fileID: 0}
  m_PrefabAsset: {fileID: 0}
  m_GameObject: {fileID: 7923968425754760598}
  serializedVersion: 2
  m_Mass: 1
  m_Drag: 0
  m_AngularDrag: 0.05
  m_UseGravity: 1
  m_IsKinematic: 1
  m_Interpolate: 0
  m_Constraints: 0
  m_CollisionDetection: 0
--- !u!64 &3987340364325956533
MeshCollider:
  m_ObjectHideFlags: 0
  m_CorrespondingSourceObject: {fileID: 0}
  m_PrefabInstance: {fileID: 0}
  m_PrefabAsset: {fileID: 0}
  m_GameObject: {fileID: 7923968425754760598}
  m_Material: {fileID: 0}
  m_IsTrigger: 0
  m_Enabled: 1
  serializedVersion: 4
  m_Convex: 1
  m_CookingOptions: 30
  m_Mesh: {fileID: -2372903491033610453, guid: 652849e6e1680d444a6c7186f4402f86, type: 3}
--- !u!1001 &3987340362309278819
PrefabInstance:
  m_ObjectHideFlags: 0
  serializedVersion: 2
  m_Modification:
    m_TransformParent: {fileID: 3179705348474285043}
    m_Modifications:
    - target: {fileID: 1392961458021664, guid: 7c2d45330a7b1894ca1aacb0ebd30599, type: 3}
      propertyPath: m_Name
      value: FX_Fire_01
      objectReference: {fileID: 0}
    - target: {fileID: 4512300890362992, guid: 7c2d45330a7b1894ca1aacb0ebd30599, type: 3}
      propertyPath: m_RootOrder
      value: 0
      objectReference: {fileID: 0}
    - target: {fileID: 4512300890362992, guid: 7c2d45330a7b1894ca1aacb0ebd30599, type: 3}
      propertyPath: m_LocalPosition.x
      value: 0
      objectReference: {fileID: 0}
    - target: {fileID: 4512300890362992, guid: 7c2d45330a7b1894ca1aacb0ebd30599, type: 3}
      propertyPath: m_LocalPosition.y
      value: 25.9
      objectReference: {fileID: 0}
    - target: {fileID: 4512300890362992, guid: 7c2d45330a7b1894ca1aacb0ebd30599, type: 3}
      propertyPath: m_LocalPosition.z
      value: -0
      objectReference: {fileID: 0}
    - target: {fileID: 4512300890362992, guid: 7c2d45330a7b1894ca1aacb0ebd30599, type: 3}
      propertyPath: m_LocalRotation.w
      value: 1
      objectReference: {fileID: 0}
    - target: {fileID: 4512300890362992, guid: 7c2d45330a7b1894ca1aacb0ebd30599, type: 3}
      propertyPath: m_LocalRotation.x
      value: 0
      objectReference: {fileID: 0}
    - target: {fileID: 4512300890362992, guid: 7c2d45330a7b1894ca1aacb0ebd30599, type: 3}
      propertyPath: m_LocalRotation.y
      value: 0
      objectReference: {fileID: 0}
    - target: {fileID: 4512300890362992, guid: 7c2d45330a7b1894ca1aacb0ebd30599, type: 3}
      propertyPath: m_LocalRotation.z
      value: 0
      objectReference: {fileID: 0}
    - target: {fileID: 4512300890362992, guid: 7c2d45330a7b1894ca1aacb0ebd30599, type: 3}
      propertyPath: m_LocalEulerAnglesHint.x
      value: 0
      objectReference: {fileID: 0}
    - target: {fileID: 4512300890362992, guid: 7c2d45330a7b1894ca1aacb0ebd30599, type: 3}
      propertyPath: m_LocalEulerAnglesHint.y
      value: 0
      objectReference: {fileID: 0}
    - target: {fileID: 4512300890362992, guid: 7c2d45330a7b1894ca1aacb0ebd30599, type: 3}
      propertyPath: m_LocalEulerAnglesHint.z
      value: 0
      objectReference: {fileID: 0}
    - target: {fileID: 198879910538899236, guid: 7c2d45330a7b1894ca1aacb0ebd30599, type: 3}
      propertyPath: ShapeModule.m_Scale.x
      value: 0.1
      objectReference: {fileID: 0}
    - target: {fileID: 198879910538899236, guid: 7c2d45330a7b1894ca1aacb0ebd30599, type: 3}
      propertyPath: ShapeModule.m_Scale.y
      value: 0.1
      objectReference: {fileID: 0}
    - target: {fileID: 198879910538899236, guid: 7c2d45330a7b1894ca1aacb0ebd30599, type: 3}
      propertyPath: ShapeModule.m_Scale.z
      value: 2.13
      objectReference: {fileID: 0}
    - target: {fileID: 198879910538899236, guid: 7c2d45330a7b1894ca1aacb0ebd30599, type: 3}
      propertyPath: ClampVelocityModule.dampen
      value: 1
      objectReference: {fileID: 0}
    - target: {fileID: 198879910538899236, guid: 7c2d45330a7b1894ca1aacb0ebd30599, type: 3}
      propertyPath: ClampVelocityModule.enabled
      value: 1
      objectReference: {fileID: 0}
    - target: {fileID: 198879910538899236, guid: 7c2d45330a7b1894ca1aacb0ebd30599, type: 3}
      propertyPath: InitialModule.startSize.scalar
      value: 1
      objectReference: {fileID: 0}
    - target: {fileID: 198879910538899236, guid: 7c2d45330a7b1894ca1aacb0ebd30599, type: 3}
      propertyPath: ClampVelocityModule.drag.scalar
      value: 0
      objectReference: {fileID: 0}
    - target: {fileID: 198879910538899236, guid: 7c2d45330a7b1894ca1aacb0ebd30599, type: 3}
      propertyPath: EmissionModule.rateOverTime.scalar
      value: 20
      objectReference: {fileID: 0}
    - target: {fileID: 198879910538899236, guid: 7c2d45330a7b1894ca1aacb0ebd30599, type: 3}
      propertyPath: InitialModule.startColor.maxColor.a
      value: 0.21176471
      objectReference: {fileID: 0}
    - target: {fileID: 198879910538899236, guid: 7c2d45330a7b1894ca1aacb0ebd30599, type: 3}
      propertyPath: ClampVelocityModule.magnitude.scalar
      value: 0.13
      objectReference: {fileID: 0}
    - target: {fileID: 199141224730341376, guid: 7c2d45330a7b1894ca1aacb0ebd30599, type: 3}
      propertyPath: m_Materials.Array.size
      value: 1
      objectReference: {fileID: 0}
    - target: {fileID: 199500663181089444, guid: 7c2d45330a7b1894ca1aacb0ebd30599, type: 3}
      propertyPath: m_Materials.Array.size
      value: 1
      objectReference: {fileID: 0}
    m_RemovedComponents: []
  m_SourcePrefab: {fileID: 100100000, guid: 7c2d45330a7b1894ca1aacb0ebd30599, type: 3}
--- !u!1001 &3987340362625800503
PrefabInstance:
  m_ObjectHideFlags: 0
  serializedVersion: 2
  m_Modification:
    m_TransformParent: {fileID: 3987340362517019666}
    m_Modifications:
    - target: {fileID: -9152346946987974659, guid: 652849e6e1680d444a6c7186f4402f86, type: 3}
      propertyPath: m_Materials.Array.data[0]
      value: 
      objectReference: {fileID: 2100000, guid: 270920c839633984e93f336f6eb59103, type: 2}
    - target: {fileID: -9028800027782956061, guid: 652849e6e1680d444a6c7186f4402f86, type: 3}
      propertyPath: m_Materials.Array.data[0]
      value: 
      objectReference: {fileID: 2100000, guid: 6bec0c8f7b686f448b0db232042f4acd, type: 2}
    - target: {fileID: -8873807588865851858, guid: 652849e6e1680d444a6c7186f4402f86, type: 3}
      propertyPath: m_Materials.Array.data[0]
      value: 
      objectReference: {fileID: 2100000, guid: 6ccab19302efe4240b892f5ac32ae5b7, type: 2}
    - target: {fileID: -8752662825575610432, guid: 652849e6e1680d444a6c7186f4402f86, type: 3}
      propertyPath: m_Materials.Array.data[0]
      value: 
      objectReference: {fileID: 2100000, guid: bf7d87fec08e1f548a8b422261c123fc, type: 2}
    - target: {fileID: -8679921383154817045, guid: 652849e6e1680d444a6c7186f4402f86, type: 3}
      propertyPath: m_RootOrder
      value: 0
      objectReference: {fileID: 0}
    - target: {fileID: -8679921383154817045, guid: 652849e6e1680d444a6c7186f4402f86, type: 3}
      propertyPath: m_LocalPosition.x
      value: 0
      objectReference: {fileID: 0}
    - target: {fileID: -8679921383154817045, guid: 652849e6e1680d444a6c7186f4402f86, type: 3}
      propertyPath: m_LocalPosition.y
      value: 0
      objectReference: {fileID: 0}
    - target: {fileID: -8679921383154817045, guid: 652849e6e1680d444a6c7186f4402f86, type: 3}
      propertyPath: m_LocalPosition.z
      value: 0
      objectReference: {fileID: 0}
    - target: {fileID: -8679921383154817045, guid: 652849e6e1680d444a6c7186f4402f86, type: 3}
      propertyPath: m_LocalRotation.w
      value: 1
      objectReference: {fileID: 0}
    - target: {fileID: -8679921383154817045, guid: 652849e6e1680d444a6c7186f4402f86, type: 3}
      propertyPath: m_LocalRotation.x
      value: -0
      objectReference: {fileID: 0}
    - target: {fileID: -8679921383154817045, guid: 652849e6e1680d444a6c7186f4402f86, type: 3}
      propertyPath: m_LocalRotation.y
      value: -0
      objectReference: {fileID: 0}
    - target: {fileID: -8679921383154817045, guid: 652849e6e1680d444a6c7186f4402f86, type: 3}
      propertyPath: m_LocalRotation.z
      value: -0
      objectReference: {fileID: 0}
    - target: {fileID: -8679921383154817045, guid: 652849e6e1680d444a6c7186f4402f86, type: 3}
      propertyPath: m_LocalEulerAnglesHint.x
      value: 0
      objectReference: {fileID: 0}
    - target: {fileID: -8679921383154817045, guid: 652849e6e1680d444a6c7186f4402f86, type: 3}
      propertyPath: m_LocalEulerAnglesHint.y
      value: 61.44
      objectReference: {fileID: 0}
    - target: {fileID: -8679921383154817045, guid: 652849e6e1680d444a6c7186f4402f86, type: 3}
      propertyPath: m_LocalEulerAnglesHint.z
      value: 0
      objectReference: {fileID: 0}
    - target: {fileID: -8182232268025719440, guid: 652849e6e1680d444a6c7186f4402f86, type: 3}
      propertyPath: m_Materials.Array.data[0]
      value: 
      objectReference: {fileID: 2100000, guid: bf7d87fec08e1f548a8b422261c123fc, type: 2}
    - target: {fileID: -8179988142796077760, guid: 652849e6e1680d444a6c7186f4402f86, type: 3}
      propertyPath: m_Materials.Array.data[0]
      value: 
      objectReference: {fileID: 2100000, guid: 2cffbf0560ce59d4da3a3f0a0a76b8ea, type: 2}
    - target: {fileID: -7789881418402972915, guid: 652849e6e1680d444a6c7186f4402f86, type: 3}
      propertyPath: m_Materials.Array.data[0]
      value: 
      objectReference: {fileID: 2100000, guid: 270920c839633984e93f336f6eb59103, type: 2}
    - target: {fileID: -7580072022597441031, guid: 652849e6e1680d444a6c7186f4402f86, type: 3}
      propertyPath: m_Materials.Array.data[0]
      value: 
      objectReference: {fileID: 2100000, guid: bf7d87fec08e1f548a8b422261c123fc, type: 2}
    - target: {fileID: -7294331701126510192, guid: 652849e6e1680d444a6c7186f4402f86, type: 3}
      propertyPath: m_Materials.Array.data[0]
      value: 
      objectReference: {fileID: 2100000, guid: bf7d87fec08e1f548a8b422261c123fc, type: 2}
    - target: {fileID: -7225569594738726822, guid: 652849e6e1680d444a6c7186f4402f86, type: 3}
      propertyPath: m_Materials.Array.data[0]
      value: 
      objectReference: {fileID: 2100000, guid: 270920c839633984e93f336f6eb59103, type: 2}
    - target: {fileID: -7106611765453239494, guid: 652849e6e1680d444a6c7186f4402f86, type: 3}
      propertyPath: m_Materials.Array.data[0]
      value: 
      objectReference: {fileID: 2100000, guid: 270920c839633984e93f336f6eb59103, type: 2}
    - target: {fileID: -6801922749592469588, guid: 652849e6e1680d444a6c7186f4402f86, type: 3}
      propertyPath: m_Materials.Array.data[0]
      value: 
      objectReference: {fileID: 2100000, guid: bf7d87fec08e1f548a8b422261c123fc, type: 2}
    - target: {fileID: -6723945339996942056, guid: 652849e6e1680d444a6c7186f4402f86, type: 3}
      propertyPath: m_Materials.Array.data[0]
      value: 
      objectReference: {fileID: 2100000, guid: 270920c839633984e93f336f6eb59103, type: 2}
    - target: {fileID: -6445534466841708594, guid: 652849e6e1680d444a6c7186f4402f86, type: 3}
      propertyPath: m_Materials.Array.data[0]
      value: 
      objectReference: {fileID: 2100000, guid: 2cffbf0560ce59d4da3a3f0a0a76b8ea, type: 2}
    - target: {fileID: -6130850389603627038, guid: 652849e6e1680d444a6c7186f4402f86, type: 3}
      propertyPath: m_Materials.Array.data[0]
      value: 
      objectReference: {fileID: 2100000, guid: 6bec0c8f7b686f448b0db232042f4acd, type: 2}
    - target: {fileID: -6029857260982216471, guid: 652849e6e1680d444a6c7186f4402f86, type: 3}
      propertyPath: m_IsActive
      value: 1
      objectReference: {fileID: 0}
    - target: {fileID: -5984787664928720421, guid: 652849e6e1680d444a6c7186f4402f86, type: 3}
      propertyPath: m_Materials.Array.data[0]
      value: 
      objectReference: {fileID: 2100000, guid: 2cffbf0560ce59d4da3a3f0a0a76b8ea, type: 2}
    - target: {fileID: -5800796185683667076, guid: 652849e6e1680d444a6c7186f4402f86, type: 3}
      propertyPath: m_Materials.Array.data[0]
      value: 
      objectReference: {fileID: 2100000, guid: 2cffbf0560ce59d4da3a3f0a0a76b8ea, type: 2}
    - target: {fileID: -5294653020522624082, guid: 652849e6e1680d444a6c7186f4402f86, type: 3}
      propertyPath: m_Materials.Array.data[0]
      value: 
      objectReference: {fileID: 2100000, guid: 2cffbf0560ce59d4da3a3f0a0a76b8ea, type: 2}
    - target: {fileID: -4915808886113972234, guid: 652849e6e1680d444a6c7186f4402f86, type: 3}
      propertyPath: m_IsActive
      value: 1
      objectReference: {fileID: 0}
    - target: {fileID: -4432484025173127403, guid: 652849e6e1680d444a6c7186f4402f86, type: 3}
      propertyPath: m_Materials.Array.data[0]
      value: 
      objectReference: {fileID: 2100000, guid: 2cffbf0560ce59d4da3a3f0a0a76b8ea, type: 2}
    - target: {fileID: -4386912830195088199, guid: 652849e6e1680d444a6c7186f4402f86, type: 3}
      propertyPath: m_Materials.Array.data[0]
      value: 
      objectReference: {fileID: 2100000, guid: 270920c839633984e93f336f6eb59103, type: 2}
    - target: {fileID: -4263198187436022862, guid: 652849e6e1680d444a6c7186f4402f86, type: 3}
      propertyPath: m_IsActive
      value: 1
      objectReference: {fileID: 0}
    - target: {fileID: -4207573925050742551, guid: 652849e6e1680d444a6c7186f4402f86, type: 3}
      propertyPath: m_Materials.Array.data[0]
      value: 
      objectReference: {fileID: 2100000, guid: 2cffbf0560ce59d4da3a3f0a0a76b8ea, type: 2}
    - target: {fileID: -4037162754686299445, guid: 652849e6e1680d444a6c7186f4402f86, type: 3}
      propertyPath: m_Materials.Array.data[0]
      value: 
      objectReference: {fileID: 2100000, guid: 270920c839633984e93f336f6eb59103, type: 2}
    - target: {fileID: -3930025730773338287, guid: 652849e6e1680d444a6c7186f4402f86, type: 3}
      propertyPath: m_IsActive
      value: 1
      objectReference: {fileID: 0}
    - target: {fileID: -3669060171723794109, guid: 652849e6e1680d444a6c7186f4402f86, type: 3}
      propertyPath: m_Materials.Array.data[0]
      value: 
      objectReference: {fileID: 2100000, guid: bf7d87fec08e1f548a8b422261c123fc, type: 2}
    - target: {fileID: -3230359877503427227, guid: 652849e6e1680d444a6c7186f4402f86, type: 3}
      propertyPath: m_Materials.Array.data[0]
      value: 
      objectReference: {fileID: 2100000, guid: 2cffbf0560ce59d4da3a3f0a0a76b8ea, type: 2}
    - target: {fileID: -1971411386112430992, guid: 652849e6e1680d444a6c7186f4402f86, type: 3}
      propertyPath: m_Materials.Array.data[0]
      value: 
      objectReference: {fileID: 2100000, guid: 2cffbf0560ce59d4da3a3f0a0a76b8ea, type: 2}
    - target: {fileID: -1655855119938541601, guid: 652849e6e1680d444a6c7186f4402f86, type: 3}
      propertyPath: m_Materials.Array.data[0]
      value: 
      objectReference: {fileID: 2100000, guid: 2cffbf0560ce59d4da3a3f0a0a76b8ea, type: 2}
    - target: {fileID: -1606348946955441334, guid: 652849e6e1680d444a6c7186f4402f86, type: 3}
      propertyPath: m_Materials.Array.data[0]
      value: 
      objectReference: {fileID: 2100000, guid: d13c4324dcac6c149adb13017454aaa0, type: 2}
    - target: {fileID: -1153304129103339520, guid: 652849e6e1680d444a6c7186f4402f86, type: 3}
      propertyPath: m_Materials.Array.data[0]
      value: 
      objectReference: {fileID: 2100000, guid: 270920c839633984e93f336f6eb59103, type: 2}
    - target: {fileID: -288253065082683604, guid: 652849e6e1680d444a6c7186f4402f86, type: 3}
      propertyPath: m_Materials.Array.data[0]
      value: 
      objectReference: {fileID: 2100000, guid: bf7d87fec08e1f548a8b422261c123fc, type: 2}
    - target: {fileID: -242898332584070100, guid: 652849e6e1680d444a6c7186f4402f86, type: 3}
      propertyPath: m_Materials.Array.data[0]
      value: 
      objectReference: {fileID: 2100000, guid: 2cffbf0560ce59d4da3a3f0a0a76b8ea, type: 2}
    - target: {fileID: -172842718703700402, guid: 652849e6e1680d444a6c7186f4402f86, type: 3}
      propertyPath: m_Materials.Array.data[0]
      value: 
      objectReference: {fileID: 2100000, guid: 2cffbf0560ce59d4da3a3f0a0a76b8ea, type: 2}
    - target: {fileID: 172196057167377967, guid: 652849e6e1680d444a6c7186f4402f86, type: 3}
      propertyPath: m_Materials.Array.data[0]
      value: 
      objectReference: {fileID: 2100000, guid: 2cffbf0560ce59d4da3a3f0a0a76b8ea, type: 2}
    - target: {fileID: 919132149155446097, guid: 652849e6e1680d444a6c7186f4402f86, type: 3}
      propertyPath: m_Name
      value: house_1
      objectReference: {fileID: 0}
    - target: {fileID: 945514519606626375, guid: 652849e6e1680d444a6c7186f4402f86, type: 3}
      propertyPath: m_Materials.Array.data[0]
      value: 
      objectReference: {fileID: 2100000, guid: 6ccab19302efe4240b892f5ac32ae5b7, type: 2}
    - target: {fileID: 1064556348288314340, guid: 652849e6e1680d444a6c7186f4402f86, type: 3}
      propertyPath: m_Materials.Array.data[0]
      value: 
      objectReference: {fileID: 2100000, guid: f0ff235a923a55b4e94bcfe9d69d917a, type: 2}
    - target: {fileID: 1064556348288314340, guid: 652849e6e1680d444a6c7186f4402f86, type: 3}
      propertyPath: m_Materials.Array.data[1]
      value: 
      objectReference: {fileID: 2100000, guid: bf7d87fec08e1f548a8b422261c123fc, type: 2}
    - target: {fileID: 1564982270195692851, guid: 652849e6e1680d444a6c7186f4402f86, type: 3}
      propertyPath: m_Materials.Array.data[0]
      value: 
      objectReference: {fileID: 2100000, guid: 6bec0c8f7b686f448b0db232042f4acd, type: 2}
    - target: {fileID: 1610181623118664579, guid: 652849e6e1680d444a6c7186f4402f86, type: 3}
      propertyPath: m_Materials.Array.data[0]
      value: 
      objectReference: {fileID: 2100000, guid: 2cffbf0560ce59d4da3a3f0a0a76b8ea, type: 2}
    - target: {fileID: 2067762746231899616, guid: 652849e6e1680d444a6c7186f4402f86, type: 3}
      propertyPath: m_Materials.Array.data[0]
      value: 
      objectReference: {fileID: 2100000, guid: 6bec0c8f7b686f448b0db232042f4acd, type: 2}
    - target: {fileID: 2235056398144090098, guid: 652849e6e1680d444a6c7186f4402f86, type: 3}
      propertyPath: m_Materials.Array.data[0]
      value: 
      objectReference: {fileID: 2100000, guid: 270920c839633984e93f336f6eb59103, type: 2}
    - target: {fileID: 2235619736144386711, guid: 652849e6e1680d444a6c7186f4402f86, type: 3}
      propertyPath: m_Materials.Array.data[0]
      value: 
      objectReference: {fileID: 2100000, guid: 2cffbf0560ce59d4da3a3f0a0a76b8ea, type: 2}
    - target: {fileID: 2901970382404618500, guid: 652849e6e1680d444a6c7186f4402f86, type: 3}
      propertyPath: m_IsActive
      value: 1
      objectReference: {fileID: 0}
    - target: {fileID: 2917306941593952945, guid: 652849e6e1680d444a6c7186f4402f86, type: 3}
      propertyPath: m_Materials.Array.data[0]
      value: 
      objectReference: {fileID: 2100000, guid: 2cffbf0560ce59d4da3a3f0a0a76b8ea, type: 2}
    - target: {fileID: 3085967924367731609, guid: 652849e6e1680d444a6c7186f4402f86, type: 3}
      propertyPath: m_Materials.Array.data[0]
      value: 
      objectReference: {fileID: 2100000, guid: bf7d87fec08e1f548a8b422261c123fc, type: 2}
    - target: {fileID: 3132928177930386874, guid: 652849e6e1680d444a6c7186f4402f86, type: 3}
      propertyPath: m_Materials.Array.data[0]
      value: 
      objectReference: {fileID: 2100000, guid: 2cffbf0560ce59d4da3a3f0a0a76b8ea, type: 2}
    - target: {fileID: 3306887455088025517, guid: 652849e6e1680d444a6c7186f4402f86, type: 3}
      propertyPath: m_Materials.Array.data[0]
      value: 
      objectReference: {fileID: 2100000, guid: 6bec0c8f7b686f448b0db232042f4acd, type: 2}
    - target: {fileID: 3364943945306309963, guid: 652849e6e1680d444a6c7186f4402f86, type: 3}
      propertyPath: m_Materials.Array.data[0]
      value: 
      objectReference: {fileID: 2100000, guid: bf7d87fec08e1f548a8b422261c123fc, type: 2}
    - target: {fileID: 3364943945306309963, guid: 652849e6e1680d444a6c7186f4402f86, type: 3}
      propertyPath: m_Materials.Array.data[1]
      value: 
      objectReference: {fileID: 2100000, guid: f0ff235a923a55b4e94bcfe9d69d917a, type: 2}
    - target: {fileID: 3431944164743194581, guid: 652849e6e1680d444a6c7186f4402f86, type: 3}
      propertyPath: m_Materials.Array.data[0]
      value: 
      objectReference: {fileID: 2100000, guid: bf7d87fec08e1f548a8b422261c123fc, type: 2}
    - target: {fileID: 4423045620967985251, guid: 652849e6e1680d444a6c7186f4402f86, type: 3}
      propertyPath: m_IsActive
      value: 1
      objectReference: {fileID: 0}
    - target: {fileID: 4713231412462642803, guid: 652849e6e1680d444a6c7186f4402f86, type: 3}
      propertyPath: m_Materials.Array.data[0]
      value: 
      objectReference: {fileID: 2100000, guid: d13c4324dcac6c149adb13017454aaa0, type: 2}
    - target: {fileID: 4888218617783714412, guid: 652849e6e1680d444a6c7186f4402f86, type: 3}
      propertyPath: m_Materials.Array.data[0]
      value: 
      objectReference: {fileID: 2100000, guid: 6ccab19302efe4240b892f5ac32ae5b7, type: 2}
    - target: {fileID: 5071871576449354820, guid: 652849e6e1680d444a6c7186f4402f86, type: 3}
      propertyPath: m_IsActive
      value: 1
      objectReference: {fileID: 0}
    - target: {fileID: 5364055186811302804, guid: 652849e6e1680d444a6c7186f4402f86, type: 3}
      propertyPath: m_Materials.Array.data[0]
      value: 
      objectReference: {fileID: 2100000, guid: 2cffbf0560ce59d4da3a3f0a0a76b8ea, type: 2}
    - target: {fileID: 5669660641205507234, guid: 652849e6e1680d444a6c7186f4402f86, type: 3}
      propertyPath: m_Materials.Array.data[0]
      value: 
      objectReference: {fileID: 2100000, guid: bf7d87fec08e1f548a8b422261c123fc, type: 2}
    - target: {fileID: 5737561545683607780, guid: 652849e6e1680d444a6c7186f4402f86, type: 3}
      propertyPath: m_Materials.Array.data[0]
      value: 
      objectReference: {fileID: 2100000, guid: 6bec0c8f7b686f448b0db232042f4acd, type: 2}
    - target: {fileID: 5942914126118780718, guid: 652849e6e1680d444a6c7186f4402f86, type: 3}
      propertyPath: m_Materials.Array.data[0]
      value: 
      objectReference: {fileID: 2100000, guid: 270920c839633984e93f336f6eb59103, type: 2}
    - target: {fileID: 5980871390108999137, guid: 652849e6e1680d444a6c7186f4402f86, type: 3}
      propertyPath: m_Materials.Array.data[0]
      value: 
      objectReference: {fileID: 2100000, guid: 2cffbf0560ce59d4da3a3f0a0a76b8ea, type: 2}
    - target: {fileID: 6264793898004590483, guid: 652849e6e1680d444a6c7186f4402f86, type: 3}
      propertyPath: m_Materials.Array.data[0]
      value: 
      objectReference: {fileID: 2100000, guid: 6bec0c8f7b686f448b0db232042f4acd, type: 2}
    - target: {fileID: 6329757592058174248, guid: 652849e6e1680d444a6c7186f4402f86, type: 3}
      propertyPath: m_Materials.Array.data[0]
      value: 
      objectReference: {fileID: 2100000, guid: 2cffbf0560ce59d4da3a3f0a0a76b8ea, type: 2}
    - target: {fileID: 6646216824027849557, guid: 652849e6e1680d444a6c7186f4402f86, type: 3}
      propertyPath: m_Materials.Array.data[0]
      value: 
      objectReference: {fileID: 2100000, guid: 270920c839633984e93f336f6eb59103, type: 2}
    - target: {fileID: 7052251201249215580, guid: 652849e6e1680d444a6c7186f4402f86, type: 3}
      propertyPath: m_Materials.Array.data[0]
      value: 
      objectReference: {fileID: 2100000, guid: bf7d87fec08e1f548a8b422261c123fc, type: 2}
    - target: {fileID: 7293431540020617081, guid: 652849e6e1680d444a6c7186f4402f86, type: 3}
      propertyPath: m_Materials.Array.data[0]
      value: 
      objectReference: {fileID: 2100000, guid: 270920c839633984e93f336f6eb59103, type: 2}
    - target: {fileID: 7591232860033263415, guid: 652849e6e1680d444a6c7186f4402f86, type: 3}
      propertyPath: m_Materials.Array.data[0]
      value: 
      objectReference: {fileID: 2100000, guid: 2cffbf0560ce59d4da3a3f0a0a76b8ea, type: 2}
    - target: {fileID: 7671688033393122687, guid: 652849e6e1680d444a6c7186f4402f86, type: 3}
      propertyPath: m_Materials.Array.data[0]
      value: 
      objectReference: {fileID: 2100000, guid: 2cffbf0560ce59d4da3a3f0a0a76b8ea, type: 2}
    - target: {fileID: 7915864857438064006, guid: 652849e6e1680d444a6c7186f4402f86, type: 3}
      propertyPath: m_Materials.Array.data[0]
      value: 
      objectReference: {fileID: 2100000, guid: bf7d87fec08e1f548a8b422261c123fc, type: 2}
    - target: {fileID: 8083994702458876541, guid: 652849e6e1680d444a6c7186f4402f86, type: 3}
      propertyPath: m_Materials.Array.data[0]
      value: 
      objectReference: {fileID: 2100000, guid: 6bec0c8f7b686f448b0db232042f4acd, type: 2}
    - target: {fileID: 8510774895215598378, guid: 652849e6e1680d444a6c7186f4402f86, type: 3}
      propertyPath: m_Materials.Array.data[0]
      value: 
      objectReference: {fileID: 2100000, guid: d13c4324dcac6c149adb13017454aaa0, type: 2}
    - target: {fileID: 8510774895215598378, guid: 652849e6e1680d444a6c7186f4402f86, type: 3}
      propertyPath: m_Materials.Array.data[1]
      value: 
      objectReference: {fileID: 2100000, guid: bf43720560fbe95459386f242d4ed8b4, type: 2}
    - target: {fileID: 8829678371859058545, guid: 652849e6e1680d444a6c7186f4402f86, type: 3}
      propertyPath: m_Materials.Array.data[0]
      value: 
      objectReference: {fileID: 2100000, guid: bf43720560fbe95459386f242d4ed8b4, type: 2}
    - target: {fileID: 9077926073120308842, guid: 652849e6e1680d444a6c7186f4402f86, type: 3}
      propertyPath: m_Materials.Array.data[0]
      value: 
      objectReference: {fileID: 2100000, guid: 4ae22f360d09a9c4999bec4f249797c9, type: 2}
    - target: {fileID: 9077926073120308842, guid: 652849e6e1680d444a6c7186f4402f86, type: 3}
      propertyPath: m_Materials.Array.data[1]
      value: 
      objectReference: {fileID: 2100000, guid: 03370ad94fc271e49a633e4b1e72f0e8, type: 2}
    m_RemovedComponents: []
  m_SourcePrefab: {fileID: 100100000, guid: 652849e6e1680d444a6c7186f4402f86, type: 3}
--- !u!1 &1946755893898707422 stripped
GameObject:
  m_CorrespondingSourceObject: {fileID: -6029857260982216471, guid: 652849e6e1680d444a6c7186f4402f86, type: 3}
  m_PrefabInstance: {fileID: 3987340362625800503}
  m_PrefabAsset: {fileID: 0}
--- !u!1 &8323763970605988485 stripped
GameObject:
  m_CorrespondingSourceObject: {fileID: -4263198187436022862, guid: 652849e6e1680d444a6c7186f4402f86, type: 3}
  m_PrefabInstance: {fileID: 3987340362625800503}
  m_PrefabAsset: {fileID: 0}
--- !u!1 &2238357463278407731 stripped
GameObject:
  m_CorrespondingSourceObject: {fileID: 2901970382404618500, guid: 652849e6e1680d444a6c7186f4402f86, type: 3}
  m_PrefabInstance: {fileID: 3987340362625800503}
  m_PrefabAsset: {fileID: 0}
--- !u!1 &9088367971746672230 stripped
GameObject:
  m_CorrespondingSourceObject: {fileID: -3930025730773338287, guid: 652849e6e1680d444a6c7186f4402f86, type: 3}
  m_PrefabInstance: {fileID: 3987340362625800503}
  m_PrefabAsset: {fileID: 0}
--- !u!1 &6199889750652585366 stripped
GameObject:
  m_CorrespondingSourceObject: {fileID: -2206889101022929759, guid: 652849e6e1680d444a6c7186f4402f86, type: 3}
  m_PrefabInstance: {fileID: 3987340362625800503}
  m_PrefabAsset: {fileID: 0}
--- !u!1 &1019751044101269403 stripped
GameObject:
  m_CorrespondingSourceObject: {fileID: -5083716509539352916, guid: 652849e6e1680d444a6c7186f4402f86, type: 3}
  m_PrefabInstance: {fileID: 3987340362625800503}
  m_PrefabAsset: {fileID: 0}
--- !u!1 &4308502798461260725 stripped
GameObject:
  m_CorrespondingSourceObject: {fileID: -8313925730628269438, guid: 652849e6e1680d444a6c7186f4402f86, type: 3}
  m_PrefabInstance: {fileID: 3987340362625800503}
  m_PrefabAsset: {fileID: 0}
--- !u!1 &735265835824154964 stripped
GameObject:
  m_CorrespondingSourceObject: {fileID: 4423045620967985251, guid: 652849e6e1680d444a6c7186f4402f86, type: 3}
  m_PrefabInstance: {fileID: 3987340362625800503}
  m_PrefabAsset: {fileID: 0}
--- !u!4 &3521631918944567004 stripped
Transform:
  m_CorrespondingSourceObject: {fileID: -8679921383154817045, guid: 652849e6e1680d444a6c7186f4402f86, type: 3}
  m_PrefabInstance: {fileID: 3987340362625800503}
  m_PrefabAsset: {fileID: 0}
--- !u!1 &2493823385014412181 stripped
GameObject:
  m_CorrespondingSourceObject: {fileID: 1571254656372046498, guid: 652849e6e1680d444a6c7186f4402f86, type: 3}
  m_PrefabInstance: {fileID: 3987340362625800503}
  m_PrefabAsset: {fileID: 0}
--- !u!1 &7390895048820307332 stripped
GameObject:
  m_CorrespondingSourceObject: {fileID: -3331437715139597133, guid: 652849e6e1680d444a6c7186f4402f86, type: 3}
  m_PrefabInstance: {fileID: 3987340362625800503}
  m_PrefabAsset: {fileID: 0}
--- !u!1 &2220062271073004024 stripped
GameObject:
  m_CorrespondingSourceObject: {fileID: -6225419234488422193, guid: 652849e6e1680d444a6c7186f4402f86, type: 3}
  m_PrefabInstance: {fileID: 3987340362625800503}
  m_PrefabAsset: {fileID: 0}
--- !u!1 &650535274068477533 stripped
GameObject:
  m_CorrespondingSourceObject: {fileID: -4732497549119332502, guid: 652849e6e1680d444a6c7186f4402f86, type: 3}
  m_PrefabInstance: {fileID: 3987340362625800503}
  m_PrefabAsset: {fileID: 0}
--- !u!1 &2039088420752459925 stripped
GameObject:
  m_CorrespondingSourceObject: {fileID: -6117668461805874782, guid: 652849e6e1680d444a6c7186f4402f86, type: 3}
  m_PrefabInstance: {fileID: 3987340362625800503}
  m_PrefabAsset: {fileID: 0}
--- !u!4 &2448116673215210178 stripped
Transform:
  m_CorrespondingSourceObject: {fileID: -7589526569235285003, guid: 652849e6e1680d444a6c7186f4402f86, type: 3}
  m_PrefabInstance: {fileID: 3987340362625800503}
  m_PrefabAsset: {fileID: 0}
--- !u!1 &3832268139921333612 stripped
GameObject:
  m_CorrespondingSourceObject: {fileID: -9044613991721237413, guid: 652849e6e1680d444a6c7186f4402f86, type: 3}
  m_PrefabInstance: {fileID: 3987340362625800503}
  m_PrefabAsset: {fileID: 0}
--- !u!1 &7923968425754760598 stripped
GameObject:
  m_CorrespondingSourceObject: {fileID: -2692458081955787615, guid: 652849e6e1680d444a6c7186f4402f86, type: 3}
  m_PrefabInstance: {fileID: 3987340362625800503}
  m_PrefabAsset: {fileID: 0}
--- !u!4 &3179705348474285043 stripped
Transform:
  m_CorrespondingSourceObject: {fileID: 1978617104342676164, guid: 652849e6e1680d444a6c7186f4402f86, type: 3}
  m_PrefabInstance: {fileID: 3987340362625800503}
  m_PrefabAsset: {fileID: 0}
--- !u!1 &5496765806313477864 stripped
GameObject:
  m_CorrespondingSourceObject: {fileID: 8871404688188592095, guid: 652849e6e1680d444a6c7186f4402f86, type: 3}
  m_PrefabInstance: {fileID: 3987340362625800503}
  m_PrefabAsset: {fileID: 0}
--- !u!1 &7945671326073755539 stripped
GameObject:
  m_CorrespondingSourceObject: {fileID: -2805371937872589148, guid: 652849e6e1680d444a6c7186f4402f86, type: 3}
  m_PrefabInstance: {fileID: 3987340362625800503}
  m_PrefabAsset: {fileID: 0}
--- !u!1 &7285879905372278342 stripped
GameObject:
  m_CorrespondingSourceObject: {fileID: -3294024940382300303, guid: 652849e6e1680d444a6c7186f4402f86, type: 3}
  m_PrefabInstance: {fileID: 3987340362625800503}
  m_PrefabAsset: {fileID: 0}
--- !u!1 &6501850961652257215 stripped
GameObject:
  m_CorrespondingSourceObject: {fileID: -1337894616456509304, guid: 652849e6e1680d444a6c7186f4402f86, type: 3}
  m_PrefabInstance: {fileID: 3987340362625800503}
  m_PrefabAsset: {fileID: 0}
--- !u!1 &2621897576130603235 stripped
GameObject:
  m_CorrespondingSourceObject: {fileID: 1384638199210160596, guid: 652849e6e1680d444a6c7186f4402f86, type: 3}
  m_PrefabInstance: {fileID: 3987340362625800503}
  m_PrefabAsset: {fileID: 0}
--- !u!1 &1998962160538234857 stripped
GameObject:
  m_CorrespondingSourceObject: {fileID: 3235939211273533150, guid: 652849e6e1680d444a6c7186f4402f86, type: 3}
  m_PrefabInstance: {fileID: 3987340362625800503}
  m_PrefabAsset: {fileID: 0}
--- !u!1 &7354522841538706689 stripped
GameObject:
  m_CorrespondingSourceObject: {fileID: 5856196162730222646, guid: 652849e6e1680d444a6c7186f4402f86, type: 3}
  m_PrefabInstance: {fileID: 3987340362625800503}
  m_PrefabAsset: {fileID: 0}
--- !u!1 &2078486490713420977 stripped
GameObject:
  m_CorrespondingSourceObject: {fileID: -6085026529748144762, guid: 652849e6e1680d444a6c7186f4402f86, type: 3}
  m_PrefabInstance: {fileID: 3987340362625800503}
  m_PrefabAsset: {fileID: 0}
--- !u!1 &8157998856576521587 stripped
GameObject:
  m_CorrespondingSourceObject: {fileID: 5071871576449354820, guid: 652849e6e1680d444a6c7186f4402f86, type: 3}
  m_PrefabInstance: {fileID: 3987340362625800503}
  m_PrefabAsset: {fileID: 0}
--- !u!1 &905902146838632129 stripped
GameObject:
  m_CorrespondingSourceObject: {fileID: -4915808886113972234, guid: 652849e6e1680d444a6c7186f4402f86, type: 3}
  m_PrefabInstance: {fileID: 3987340362625800503}
  m_PrefabAsset: {fileID: 0}
--- !u!1001 &3987340362955508720
PrefabInstance:
  m_ObjectHideFlags: 0
  serializedVersion: 2
  m_Modification:
    m_TransformParent: {fileID: 3179705348474285043}
    m_Modifications:
    - target: {fileID: 1392961458021664, guid: 7c2d45330a7b1894ca1aacb0ebd30599, type: 3}
      propertyPath: m_Name
      value: FX_Fire_01 (1)
      objectReference: {fileID: 0}
    - target: {fileID: 4512300890362992, guid: 7c2d45330a7b1894ca1aacb0ebd30599, type: 3}
      propertyPath: m_RootOrder
      value: 1
      objectReference: {fileID: 0}
    - target: {fileID: 4512300890362992, guid: 7c2d45330a7b1894ca1aacb0ebd30599, type: 3}
      propertyPath: m_LocalPosition.x
      value: -0
      objectReference: {fileID: 0}
    - target: {fileID: 4512300890362992, guid: 7c2d45330a7b1894ca1aacb0ebd30599, type: 3}
      propertyPath: m_LocalPosition.y
      value: -22
      objectReference: {fileID: 0}
    - target: {fileID: 4512300890362992, guid: 7c2d45330a7b1894ca1aacb0ebd30599, type: 3}
      propertyPath: m_LocalPosition.z
      value: 38.4
      objectReference: {fileID: 0}
    - target: {fileID: 4512300890362992, guid: 7c2d45330a7b1894ca1aacb0ebd30599, type: 3}
      propertyPath: m_LocalRotation.w
      value: 1
      objectReference: {fileID: 0}
    - target: {fileID: 4512300890362992, guid: 7c2d45330a7b1894ca1aacb0ebd30599, type: 3}
      propertyPath: m_LocalRotation.x
      value: 0
      objectReference: {fileID: 0}
    - target: {fileID: 4512300890362992, guid: 7c2d45330a7b1894ca1aacb0ebd30599, type: 3}
      propertyPath: m_LocalRotation.y
      value: 0
      objectReference: {fileID: 0}
    - target: {fileID: 4512300890362992, guid: 7c2d45330a7b1894ca1aacb0ebd30599, type: 3}
      propertyPath: m_LocalRotation.z
      value: 0
      objectReference: {fileID: 0}
    - target: {fileID: 4512300890362992, guid: 7c2d45330a7b1894ca1aacb0ebd30599, type: 3}
      propertyPath: m_LocalEulerAnglesHint.x
      value: 0
      objectReference: {fileID: 0}
    - target: {fileID: 4512300890362992, guid: 7c2d45330a7b1894ca1aacb0ebd30599, type: 3}
      propertyPath: m_LocalEulerAnglesHint.y
      value: 0
      objectReference: {fileID: 0}
    - target: {fileID: 4512300890362992, guid: 7c2d45330a7b1894ca1aacb0ebd30599, type: 3}
      propertyPath: m_LocalEulerAnglesHint.z
      value: 0
      objectReference: {fileID: 0}
    - target: {fileID: 198879910538899236, guid: 7c2d45330a7b1894ca1aacb0ebd30599, type: 3}
      propertyPath: ShapeModule.m_Scale.x
      value: 0.1
      objectReference: {fileID: 0}
    - target: {fileID: 198879910538899236, guid: 7c2d45330a7b1894ca1aacb0ebd30599, type: 3}
      propertyPath: ShapeModule.m_Scale.y
      value: 0.69
      objectReference: {fileID: 0}
    - target: {fileID: 198879910538899236, guid: 7c2d45330a7b1894ca1aacb0ebd30599, type: 3}
      propertyPath: ShapeModule.m_Scale.z
      value: 0.1
      objectReference: {fileID: 0}
    - target: {fileID: 198879910538899236, guid: 7c2d45330a7b1894ca1aacb0ebd30599, type: 3}
      propertyPath: ClampVelocityModule.dampen
      value: 1
      objectReference: {fileID: 0}
    - target: {fileID: 198879910538899236, guid: 7c2d45330a7b1894ca1aacb0ebd30599, type: 3}
      propertyPath: ClampVelocityModule.enabled
      value: 1
      objectReference: {fileID: 0}
    - target: {fileID: 198879910538899236, guid: 7c2d45330a7b1894ca1aacb0ebd30599, type: 3}
      propertyPath: InitialModule.startSize.scalar
      value: 1
      objectReference: {fileID: 0}
    - target: {fileID: 198879910538899236, guid: 7c2d45330a7b1894ca1aacb0ebd30599, type: 3}
      propertyPath: ClampVelocityModule.drag.scalar
      value: 0
      objectReference: {fileID: 0}
    - target: {fileID: 198879910538899236, guid: 7c2d45330a7b1894ca1aacb0ebd30599, type: 3}
      propertyPath: EmissionModule.rateOverTime.scalar
      value: 5
      objectReference: {fileID: 0}
    - target: {fileID: 198879910538899236, guid: 7c2d45330a7b1894ca1aacb0ebd30599, type: 3}
      propertyPath: InitialModule.startColor.maxColor.a
      value: 0.21176471
      objectReference: {fileID: 0}
    - target: {fileID: 198879910538899236, guid: 7c2d45330a7b1894ca1aacb0ebd30599, type: 3}
      propertyPath: ClampVelocityModule.magnitude.scalar
      value: 0.13
      objectReference: {fileID: 0}
    - target: {fileID: 199141224730341376, guid: 7c2d45330a7b1894ca1aacb0ebd30599, type: 3}
      propertyPath: m_Materials.Array.size
      value: 1
      objectReference: {fileID: 0}
    - target: {fileID: 199500663181089444, guid: 7c2d45330a7b1894ca1aacb0ebd30599, type: 3}
      propertyPath: m_Materials.Array.size
      value: 1
      objectReference: {fileID: 0}
    m_RemovedComponents: []
  m_SourcePrefab: {fileID: 100100000, guid: 7c2d45330a7b1894ca1aacb0ebd30599, type: 3}
--- !u!1001 &3987340363400670919
PrefabInstance:
  m_ObjectHideFlags: 0
  serializedVersion: 2
  m_Modification:
    m_TransformParent: {fileID: 2448116673215210178}
    m_Modifications:
    - target: {fileID: 1151502900046148, guid: d5e400a2a0d155d4db9970614680534f, type: 3}
      propertyPath: m_Name
      value: FX_Fire_Big_01
      objectReference: {fileID: 0}
    - target: {fileID: 4373546466968728, guid: d5e400a2a0d155d4db9970614680534f, type: 3}
      propertyPath: m_RootOrder
      value: 0
      objectReference: {fileID: 0}
    - target: {fileID: 4373546466968728, guid: d5e400a2a0d155d4db9970614680534f, type: 3}
      propertyPath: m_LocalPosition.x
      value: -219.7
      objectReference: {fileID: 0}
    - target: {fileID: 4373546466968728, guid: d5e400a2a0d155d4db9970614680534f, type: 3}
      propertyPath: m_LocalPosition.y
      value: -47
      objectReference: {fileID: 0}
    - target: {fileID: 4373546466968728, guid: d5e400a2a0d155d4db9970614680534f, type: 3}
      propertyPath: m_LocalPosition.z
      value: -132.8
      objectReference: {fileID: 0}
    - target: {fileID: 4373546466968728, guid: d5e400a2a0d155d4db9970614680534f, type: 3}
      propertyPath: m_LocalRotation.w
      value: 1
      objectReference: {fileID: 0}
    - target: {fileID: 4373546466968728, guid: d5e400a2a0d155d4db9970614680534f, type: 3}
      propertyPath: m_LocalRotation.x
      value: 0
      objectReference: {fileID: 0}
    - target: {fileID: 4373546466968728, guid: d5e400a2a0d155d4db9970614680534f, type: 3}
      propertyPath: m_LocalRotation.y
      value: 0
      objectReference: {fileID: 0}
    - target: {fileID: 4373546466968728, guid: d5e400a2a0d155d4db9970614680534f, type: 3}
      propertyPath: m_LocalRotation.z
      value: 0
      objectReference: {fileID: 0}
    - target: {fileID: 4373546466968728, guid: d5e400a2a0d155d4db9970614680534f, type: 3}
      propertyPath: m_LocalEulerAnglesHint.x
      value: 0
      objectReference: {fileID: 0}
    - target: {fileID: 4373546466968728, guid: d5e400a2a0d155d4db9970614680534f, type: 3}
      propertyPath: m_LocalEulerAnglesHint.y
      value: 0
      objectReference: {fileID: 0}
    - target: {fileID: 4373546466968728, guid: d5e400a2a0d155d4db9970614680534f, type: 3}
      propertyPath: m_LocalEulerAnglesHint.z
      value: 0
      objectReference: {fileID: 0}
    - target: {fileID: 199262034356180372, guid: d5e400a2a0d155d4db9970614680534f, type: 3}
      propertyPath: m_Materials.Array.size
      value: 1
      objectReference: {fileID: 0}
    - target: {fileID: 199984251917741672, guid: d5e400a2a0d155d4db9970614680534f, type: 3}
      propertyPath: m_Materials.Array.size
      value: 1
      objectReference: {fileID: 0}
    m_RemovedComponents: []
  m_SourcePrefab: {fileID: 100100000, guid: d5e400a2a0d155d4db9970614680534f, type: 3}
--- !u!1001 &3987340364224478580
PrefabInstance:
  m_ObjectHideFlags: 0
  serializedVersion: 2
  m_Modification:
    m_TransformParent: {fileID: 3179705348474285043}
    m_Modifications:
    - target: {fileID: 1392961458021664, guid: 7c2d45330a7b1894ca1aacb0ebd30599, type: 3}
      propertyPath: m_Name
      value: FX_Fire_01 (2)
      objectReference: {fileID: 0}
    - target: {fileID: 4512300890362992, guid: 7c2d45330a7b1894ca1aacb0ebd30599, type: 3}
      propertyPath: m_RootOrder
      value: 2
      objectReference: {fileID: 0}
    - target: {fileID: 4512300890362992, guid: 7c2d45330a7b1894ca1aacb0ebd30599, type: 3}
      propertyPath: m_LocalPosition.x
      value: 0
      objectReference: {fileID: 0}
    - target: {fileID: 4512300890362992, guid: 7c2d45330a7b1894ca1aacb0ebd30599, type: 3}
      propertyPath: m_LocalPosition.y
      value: -19.4
      objectReference: {fileID: 0}
    - target: {fileID: 4512300890362992, guid: 7c2d45330a7b1894ca1aacb0ebd30599, type: 3}
      propertyPath: m_LocalPosition.z
      value: -39
      objectReference: {fileID: 0}
    - target: {fileID: 4512300890362992, guid: 7c2d45330a7b1894ca1aacb0ebd30599, type: 3}
      propertyPath: m_LocalRotation.w
      value: 1
      objectReference: {fileID: 0}
    - target: {fileID: 4512300890362992, guid: 7c2d45330a7b1894ca1aacb0ebd30599, type: 3}
      propertyPath: m_LocalRotation.x
      value: 0
      objectReference: {fileID: 0}
    - target: {fileID: 4512300890362992, guid: 7c2d45330a7b1894ca1aacb0ebd30599, type: 3}
      propertyPath: m_LocalRotation.y
      value: 0
      objectReference: {fileID: 0}
    - target: {fileID: 4512300890362992, guid: 7c2d45330a7b1894ca1aacb0ebd30599, type: 3}
      propertyPath: m_LocalRotation.z
      value: 0
      objectReference: {fileID: 0}
    - target: {fileID: 4512300890362992, guid: 7c2d45330a7b1894ca1aacb0ebd30599, type: 3}
      propertyPath: m_LocalEulerAnglesHint.x
      value: 0
      objectReference: {fileID: 0}
    - target: {fileID: 4512300890362992, guid: 7c2d45330a7b1894ca1aacb0ebd30599, type: 3}
      propertyPath: m_LocalEulerAnglesHint.y
      value: 0
      objectReference: {fileID: 0}
    - target: {fileID: 4512300890362992, guid: 7c2d45330a7b1894ca1aacb0ebd30599, type: 3}
      propertyPath: m_LocalEulerAnglesHint.z
      value: 0
      objectReference: {fileID: 0}
    - target: {fileID: 198879910538899236, guid: 7c2d45330a7b1894ca1aacb0ebd30599, type: 3}
      propertyPath: ShapeModule.m_Scale.x
      value: 0.1
      objectReference: {fileID: 0}
    - target: {fileID: 198879910538899236, guid: 7c2d45330a7b1894ca1aacb0ebd30599, type: 3}
      propertyPath: ShapeModule.m_Scale.y
      value: 0.69
      objectReference: {fileID: 0}
    - target: {fileID: 198879910538899236, guid: 7c2d45330a7b1894ca1aacb0ebd30599, type: 3}
      propertyPath: ShapeModule.m_Scale.z
      value: 0.1
      objectReference: {fileID: 0}
    - target: {fileID: 198879910538899236, guid: 7c2d45330a7b1894ca1aacb0ebd30599, type: 3}
      propertyPath: ClampVelocityModule.dampen
      value: 1
      objectReference: {fileID: 0}
    - target: {fileID: 198879910538899236, guid: 7c2d45330a7b1894ca1aacb0ebd30599, type: 3}
      propertyPath: ClampVelocityModule.enabled
      value: 1
      objectReference: {fileID: 0}
    - target: {fileID: 198879910538899236, guid: 7c2d45330a7b1894ca1aacb0ebd30599, type: 3}
      propertyPath: InitialModule.startSize.scalar
      value: 1
      objectReference: {fileID: 0}
    - target: {fileID: 198879910538899236, guid: 7c2d45330a7b1894ca1aacb0ebd30599, type: 3}
      propertyPath: ClampVelocityModule.drag.scalar
      value: 0
      objectReference: {fileID: 0}
    - target: {fileID: 198879910538899236, guid: 7c2d45330a7b1894ca1aacb0ebd30599, type: 3}
      propertyPath: EmissionModule.rateOverTime.scalar
      value: 5
      objectReference: {fileID: 0}
    - target: {fileID: 198879910538899236, guid: 7c2d45330a7b1894ca1aacb0ebd30599, type: 3}
      propertyPath: InitialModule.startColor.maxColor.a
      value: 0.21176471
      objectReference: {fileID: 0}
    - target: {fileID: 198879910538899236, guid: 7c2d45330a7b1894ca1aacb0ebd30599, type: 3}
      propertyPath: ClampVelocityModule.magnitude.scalar
      value: 0.13
      objectReference: {fileID: 0}
    - target: {fileID: 199141224730341376, guid: 7c2d45330a7b1894ca1aacb0ebd30599, type: 3}
      propertyPath: m_Materials.Array.size
      value: 1
      objectReference: {fileID: 0}
    - target: {fileID: 199500663181089444, guid: 7c2d45330a7b1894ca1aacb0ebd30599, type: 3}
      propertyPath: m_Materials.Array.size
      value: 1
      objectReference: {fileID: 0}
    m_RemovedComponents: []
  m_SourcePrefab: {fileID: 100100000, guid: 7c2d45330a7b1894ca1aacb0ebd30599, type: 3}
